3106 4958
670 439 872 546 ...L

193 621 289 696 Ὧστε
312 621 343 691 δ’
357 619 750 716 occupantemque

196 727 356 819 Θρηίκιος
371 723 501 815 Βορέας
522 720 649 795 α’·ίσσων
662 727 757 818 παρά
770 727 947 821 Κύπριδος
961 725 1116 814 ἀζαλέαις
1129 729 1303 820 μανίαισιν
1316 731 1352 804 έ-

291 829 419 918 ρεμνδς,
442 824 654 919 άδαμβιΐφσι
676 829 845 922 κραταιός,

294 930 468 1002 aaronem
488 927 654 1023 φυλάσσει

189 1033 379 1122 Ἦμετίρας
399 1033 528 1126 φρένας.

280 1144 396 1208 tiorum
415 1161 553 1206 versuum
573 1141 707 1218 teritum,
727 1153 864 1226 quartum
879 1157 909 1209 et
923 1146 1059 1228 quintum
1074 1150 1106 1212 in
1121 1167 1214 1212 unum
1230 1160 1357 1232 systema

198 1247 371 1330 dactylicum
398 1248 573 1310 coniunctos
598 1263 664 1309 esse
686 1246 745 1309 uult
771 1266 839 1310 cum
865 1247 994 1312 clausula
1018 1249 1213 1333 ltbppbaiiica.
1264 1251 1357 1316 Nobis

198 1361 297 1416 autern
313 1367 408 1431 nuque
422 1349 511 1412 buius
535 1347 628 1430 ipsius
651 1349 817 1430 systematis
832 1351 964 1413 membra
985 1352 1057 1416 satis
1077 1354 1234 1417 commode
1254 1353 1358 1436 dispo·

197 1453 266 1528 sita.
281 1470 377 1534 noque
391 1451 469 1526 iliud,
484 1469 544 1534 qno
556 1451 655 1514 omnis
671 1451 742 1515 baec
755 1453 913 1535 descriptio
928 1463 1067 1538 tanquam
1082 1457 1274 1521 fundamento
1289 1457 1359 1521 niti·

198 1570 255 1630 tur.
281 1554 503 1620 concedendum
529 1573 596 1617 esse
621 1553 744 1619 ridetur.
779 1555 852 1618 Nam
879 1576 970 1638 quum
997 1558 1026 1621 in
1053 1559 1203 1623 codicibus
1218 1559 1359 1624 Athenaei

199 1662 343 1743 scriptum
363 1657 403 1721 sit
421 1677 458 1721 τε
481 1649 548 1720 ond
571 1653 739 1741 στεροπᾶς
759 1651 902 1746 φλέγων,
926 1660 1167 1726 Schneidewinus
1186 1683 1221 1726 ex
1246 1653 1304 1726 isto
1323 1682 1360 1726 τε

199 1765 295 1830 ederit
309 1755 404 1835 ιίίστε,
425 1759 604 1824 adversativa
619 1761 760 1841 particula
775 1762 881 1837 addita,
896 1772 983 1844 atquc
1002 1763 1046 1828 sic
1060 1784 1177 1829 uersum
1194 1775 1297 1830 nactus
1315 1773 1362 1828 cst

197 1865 399 1949 loqaoedieum
414 1863 494 1945 dupl.
510 1863 612 1945 dactpl.
628 1862 735 1943 duplic.
750 1865 845 1927 trocb.
860 1865 953 1940 catab,
967 1867 1067 1948 quales
1079 1877 1149 1930 suot
1163 1869 1212 1942 ilii,
1226 1868 1362 1949 aquibus

201 1975 398 2051 fragmentum
423 1975 561 2029 nostrurn
587 1965 701 2047 incipit:
733 1951 791 2049 ἦρι
811 1961 872 2045 μὲν
893 1965 933 2030 αἳ
951 1987 987 2030 τε
1009 1963 1182 2033 Κυδώνιαι
1202 1968 1207 2053 Ι
1225 1963 1363 2050 μαλίδες

202 2063 383 2154 ἀρδόμεναι
398 2061 478 2149 dodo
499 2077 572 2140 etna
590 2065 626 2128 ab
641 2066 779 2130 διαδοίη
795 2085 890 2130 nouos
909 2069 1038 2150 impetus
1058 2073 1222 2136 orationem
1243 2092 1361 2138 sumere

202 2174 272 2236 dicit
290 2191 325 2234 oc
343 2189 396 2252 per
415 2168 484 2232 iliud
510 2177 637 2250 systema
662 2169 834 2249 dactylicum
855 2170 1008 2234 decurrere
1027 2190 1123 2253 usque
1148 2174 1183 2236 ad
1200 2176 1360 2240 clausulam

204 2273 434 2356 impudicam,
460 2271 497 2333 ita
524 2283 557 2334 ut
575 2289 591 2332 a
607 2269 700 2333 verbis
727 2262 888 2355 ἡμετέρας
908 2267 1032 2358 φρένας
1053 2269 1219 2359 φυλάσσει
1243 2278 1361 2341 alterius

203 2377 342 2457 strophae
356 2373 471 2437 initium
488 2372 549 2436 deri
565 2371 753 2436 statuendum
774 2373 821 2436 sit
850 2375 1064 2438 ddrersatiram
1079 2387 1176 2440 autern
1192 2379 1361 2459 particulam

204 2469 376 2562 postadun
390 2473 498 2556 requiri
514 2475 666 2538 contendit
680 2484 802 2557 proptor
813 2477 1025 2540 sententiarum
1041 2486 1184 2542 tenorem.
1228 2480 1259 2542 td
1275 2479 1362 2543 nobis
1411 2509 1415 2517 ·

171 2582 188 2640 t
205 2599 290 2644 meus
304 2578 426 2650 ridetur,
440 2575 606 2658 subicitque
620 2576 690 2640 iliud
701 2594 793 2640 uuum
810 2571 856 2650 δέ,
878 2578 956 2658 quod
973 2587 1043 2659 post
1056 2571 1135 2659 έμοί
1152 2581 1283 2662 positum
1299 2580 1363 2644 iibri

204 2681 349 2745 exhibent.
382 2678 547 2752 batonim,
567 2677 784 2752 mutabimur,
804 2679 1013 2743 sententiarum
1035 2683 1204 2757 nemenio,
1222 2693 1256 2745 ut
1277 2693 1363 2765 poeta

206 2784 304 2846 omnia
323 2799 413 2844 cerno
433 2789 567 2862 tempore
585 2779 744 2844 laetissime
759 2781 878 2856 docere,
898 2781 952 2844 sibi
968 2793 1065 2846 autern
1080 2794 1253 2865 perpetuam
1269 2803 1363 2866 quan·

208 2887 274 2950 dam
299 2885 426 2948 hiemem
447 2891 535 2964 atque
553 2883 697 2964 procellas
717 2882 809 2945 creari
829 2883 905 2946 dicat
924 2902 978 2966 per
999 2903 1144 2959 amorem,
1162 2885 1242 2949 nulio
1258 2885 1367 2968 quippe

209 2997 341 3069 tempore
355 2985 568 3068 quiescentem:
584 2984 777 3065 quamobrem
793 2984 878 3048 verba
894 2975 1024 3067 iitaipoi
1046 2977 1188 3069 δ”Ἐρος
1209 2977 1369 3070 οάδεμίαν

206 3081 403 3162 κατάκοιτος
424 3079 513 3168 ιίίραν
534 3103 596 3148 non
617 3103 672 3166 pro
693 3085 805 3166 integra
825 3087 1025 3152 enuntiatione
1043 3089 1200 3165 babemus,
1225 3091 1277 3153 sed
1296 3091 1369 3154 baec

207 3180 365 3272 σίδεμίαν
379 3179 579 3264 κατάκοιτος
600 3177 689 3273 ὥραν
702 3189 875 3269 interposita
890 3199 921 3254 et
931 3189 1058 3272 integrae
1072 3191 1280 3256 enuntiationis
1295 3192 1368 3257 sub·

206 3293 280 3358 iecto
299 3281 401 3374 ’Ἔρος
426 3289 535 3354 adiecta
562 3309 627 3353 esso
653 3309 822 3366 censemus,
853 3291 936 3356 cuius
963 3293 1160 3375 praedicatum
1186 3295 1217 3358 in
1239 3303 1369 3360 extrema

208 3397 326 3460 demum
342 3393 466 3475 stropira
482 3393 571 3457 verbo
584 3391 666 3457 tinito
678 3387 843 3479 φυλάσσει
857 3394 1026 3460 absolvitur.
1063 3393 1165 3478 Neque
1181 3397 1269 3479 igitur
1283 3391 1369 3464 ὥστε

207 3493 246 3565 δί
266 3499 442 3583 probamus,
463 3516 558 3580 neque
578 3485 646 3560 άλλ’
668 3489 741 3572 dira,
768 3497 847 3580 quod
863 3497 1025 3564 bieibomio
1045 3497 1075 3562 in
1096 3508 1225 3564 mentem
1245 3501 1325 3566 venit
1339 3521 1368 3585 p.

188 3645 191 3651 -
210 3605 277 3678 111,
293 3602 345 3666 sed
361 3620 454 3665 uuum
470 3594 543 3676 άτι,
569 3618 635 3664 cnm
652 3599 799 3665 Lobeckio
814 3602 851 3666 ad
866 3602 1024 3684 Sopboctis
1039 3601 1082 3668 ai.
1097 3621 1126 3665 ν.
1142 3603 1219 3678 255,
1234 3604 1367 3669 tacobsio

78 3729 81 3736 ‘
205 3709 235 3770 in
254 3705 372 3770 totnd.
397 3705 445 3780 ΙΙΙ,
471 3705 491 3768 2
511 3725 539 3787 p.
564 3703 638 3777 155,
664 3702 832 3770 Hermanno
852 3705 881 3768 in
902 3705 1063 3788 premm.
1082 3705 1161 3788 Lips.
1185 3724 1254 3770 ano.
1273 3703 1364 3771 1817.

202 3809 228 3874 li
244 3829 273 3894 p.
289 3807 388 3882 2233,
407 3818 440 3873 nt
454 3825 561 3872 sensns
577 3808 630 3870 sit:
650 3807 832 3872 miditatem
852 3809 944 3872 Amor
968 3808 1050 3872 κιιλλσ
1071 3819 1199 3891 tempora
1219 3812 1366 3892 quiesceas

202 3911 313 3978 Boreas
326 3915 423 3976 ιἰιιεσι·
437 3914 576 3994 iconion
591 3913 723 3974 σκίαινα
742 3922 847 3974 aaut:
873 3929 941 3976 nam
956 3912 993 3975 dc
1006 3904 1174 3998 φυλάσσει
1192 3931 1263 3976 mox
1284 3911 1365 3976 rido-

204 4014 311 4078 binrus.
354 4013 416 4078 lam
430 4031 535 4080 versus
549 4015 679 4078 existunt
693 4013 738 4077 hi:

205 4163 434 4188 ------
447 4108 523 4200 έμοί
545 4107 579 4182 δ’
589 4108 693 4200 ’Ἔρος

207 4209 364 4300 οίδεμίαν
384 4213 583 4300 κατάκοιτος
604 4213 719 4308 ὡἹραν,
741 4211 802 4285 ἅδ’
822 4211 891 4284 ὑπὸ
913 4216 1080 4306 στεροπᾶς
1101 4215 1230 4310 φλέγων

212 4317 370 4410 Θρφλκιος
386 4317 529 4408 Βορέας,
549 4315 690 4410 dictator
703 4318 798 4412 παρά
819 4317 992 4409 Κύπριδος
1012 4315 1171 4405 άζαλέσις
1184 4315 1367 4408 μανίαισιν,

209 4443 336 4511 quornm
350 4425 471 4511 primus
485 4427 641 4512 dactylicus
657 4438 704 4494 est
717 4437 884 4497 tetrameter
897 4429 1078 4508 contectus,
1093 4429 1165 4495 alter
1183 4425 1368 4513 compositus
