3092 4964
822 457 886 523 236

273 661 333 728 ειη,
348 648 506 732 quidquam
520 647 733 730 probabilitatis
748 646 851 721 babet,
871 663 963 729 quum
978 662 1033 708 uec
1047 653 1160 708 tantum
1176 645 1215 710 eit
1230 645 1348 710 lacunae
1362 665 1432 728 spa·

275 752 345 816 tium
369 749 444 814 iuter
468 751 597 836 καδργε
616 785 658 798 -
677 757 707 814 et
731 744 767 816 ἐν
784 750 857 827 τοῖς
876 743 957 834 περὶ
974 741 1129 827 πλούτου,
1149 756 1183 813 ot
1200 751 1321 813 uerbum
1342 746 1435 814 δοκεῖ

273 855 413 918 excidisse
427 853 517 918 rideri
527 855 634 936 possit,
649 862 679 917 et
688 853 811 917 mirilloa
823 869 949 935 prorsus
960 851 1073 916 radone
1084 850 1155 916 illud
1167 845 1279 916 πάντα
1291 854 1433 936 positum,

272 977 363 1041 quum
377 957 568 1040 praecesserit
583 947 604 1021 d
618 949 866 1040 παρεδώκαμεν,
881 971 942 1018 non
955 944 980 1018 d
993 948 1243 1040 παρεδώκαμεν.
1254 989 1297 1004 -
1322 957 1434 1020 lletro·

273 1062 379 1126 dorum
394 1069 491 1124 autem
507 1059 697 1124 Philodemus
712 1059 879 1142 disputasse
893 1057 934 1121 ait
947 1065 1122 1134 conuersos,
1138 1059 1245 1142 quibus
1257 1060 1434 1142 Cynicorum

274 1163 385 1227 vivendi
407 1181 502 1244 penus
524 1161 690 1225 facillimum
713 1171 742 1226 et
762 1160 889 1225 maxinre
911 1159 989 1224 curis
1011 1179 1135 1226 rocuum
1162 1162 1322 1226 rideretur:
1349 1156 1436 1245 πρὸς

275 1363 441 1453 διαγωγὴν
459 1361 652 1446 ποιοῦνται,
673 1363 740 1429 πᾶν
759 1357 865 1430 αὐτῶν
884 1378 1139 1450 περι[ιιιρεῦν]τες
1160 1357 1209 1443 είς
1227 1363 1267 1432 τὸ
1288 1360 1434 1432 δυνατόν.

273 1469 315 1532 lta
327 1469 404 1533 enim
415 1478 537 1552 apparet
547 1467 735 1533 scribendum
746 1488 813 1532 esse
823 1485 880 1550 pro
892 1487 928 1532 eo
940 1471 1021 1551 quod
1034 1471 1161 1534 editores
1178 1479 1353 1552 posuerunt,
1368 1465 1438 1532 πᾶν

274 1565 380 1634 αὐτῶν
394 1581 646 1657 περιῐφιρονιτες.
679 1571 722 1634 ct
742 1591 772 1654 p.
793 1573 843 1647 55,
865 1571 919 1635 12:
940 1563 971 1636 εί
990 1566 1170 1660 περιῄρρκί
1187 1592 1241 1648 τις
1258 1563 1376 1636 ἑαυτοῦ
1395 1566 1436 1635 εδ
1534 1595 1537 1600 ’

276 1669 359 1758 πρὸς
372 1669 476 1761 μηδὲν
489 1664 608 1758 ίίλογον
620 1673 840 1738 κακοπαθεῖν.
856 1683 885 1738 ει
899 1693 930 1756 p.
946 1675 998 1751 61,
1016 1678 1048 1739 1:
1067 1665 1107 1738 ίίν
1123 1669 1219 1761 ζῆλον
1231 1665 1360 1760 <ibellum
1378 1667 1438 1737 καὶ

274 1771 380 1862 φόβον
394 1768 533 1865 οίφόβιιιν
551 1779 711 1863 περιαιρῇ
723 1795 777 1853 τις
791 1773 902 1841 αἰτοῦ.

360 1881 497 1964 Sequitur
511 1880 649 1963 deioocps
663 1881 746 1945 locus
761 1882 798 1944 de
812 1880 978 1945 divitiarum
993 1881 1159 1946 commodis
1179 1892 1208 1945 et
1226 1877 1436 1955 incommodis,

275 1983 378 2065 illaque
391 1982 437 2047 bis
452 1982 539 2066 louge
554 1984 637 2067 plura
651 1994 681 2047 ot
695 1985 806 2048 maiora
820 2003 887 2047 esse
901 1985 1131 2062 demonstratur,
1149 2005 1185 2049 er
1200 2003 1259 2067 quo
1274 1983 1437 2057 coniicitur.

276 2085 388 2150 divitias
413 2087 537 2168 sapienti
561 2105 746 2169 nequaquam
771 2087 1001 2151 contemnendos
1025 2107 1101 2152 esse.
1141 2089 1200 2152 Sed
1224 2089 1305 2150 bunc
1330 2085 1438 2162 locum,

276 2189 414 2270 epeouiam
429 2189 545 2271 longior
559 2199 614 2264 est,
634 2190 763 2272 itemque
778 2191 955 2272 proximum,
976 2191 1013 2255 de
1027 2201 1108 2255 recto
1123 2189 1266 2274 sapientis
1279 2208 1348 2270 erga
1363 2187 1437 2252 diri·

277 2291 330 2355 tias
342 2291 452 2367 habitu,
466 2309 546 2356 nunc
557 2292 673 2374 quidem
685 2293 961 2374 praetermittemus,
973 2314 1066 2378 eaque
1076 2295 1175 2358 statim
1187 2291 1437 2376 procumbimus,

277 2413 351 2474 perae
373 2394 410 2458 de
433 2395 544 2478 optimo
567 2395 681 2459 ratione
706 2415 797 2479 opum
822 2398 1020 2480 parandarum
1041 2407 1251 2481 proponuntur
1277 2415 1306 2478 p.
1328 2397 1382 2471 59,
1402 2396 1436 2459 6:

272 2489 389 2579 Ἡμεῖς
412 2491 450 2562 δὲ
472 2491 617 2582 λέγωμεν
636 2488 905 2574 ιίκολοεθοῦντεῐι
917 2507 986 2577 δεῖν]
1005 2496 1066 2584 μὲν
1086 2501 1312 2580 [elopetteoldors
1337 2519 1438 2583 πορι·

276 2596 359 2680 opto
378 2591 504 2681 ιίιριιοιν
523 2589 610 2665 είναι
628 2597 685 2666 τδν
704 2595 907 2690 δορίκτητον,
928 2607 992 2670 solt
1000 2614 1135 2686 χρῆαιιν,
1156 2603 1230 2668 οίάν
1252 2597 1439 2688 ἐποιήσατο

278 2698 424 2781 tretilius
443 2697 463 2766 ίι
481 2697 684 2788 Σικελιώτης
702 2699 761 2768 καί
781 2700 919 2784 Σκόπας
937 2701 957 2772 ὁ
977 2703 1144 2784 Θετταλός
1163 2703 1221 2772 καί
1244 2699 1358 2788 ι’(ίμων
1381 2699 1440 2769 καί

276 2799 401 2882 Νικίας
418 2797 655 2891 cimmerius,
677 2800 871 2882 δοξιικόπων
886 2801 1078 2893 ἀνθρώπων
1094 2797 1195 2886 είναι,
1216 2803 1301 2870 κατὰ
1315 2797 1440 2891 σοφίαν

277 2913 326 2984 ιδ’]
341 2898 523 2992 οὐδετέραν,
539 2899 656 2986 ώςκίίν
668 2902 777 2984 [odlsoi
787 2904 1032 2996 μαρτυρήσειεν
1042 2900 1076 2972 oi
1089 2901 1163 2991 βίον
1173 2905 1239 2972 τῶν
1249 2904 1291 2970 τὰ
1301 2903 1440 2971 τοιαῦτα

278 3005 477 3097 γραφόντων.
512 3010 626 3074 llorum
641 3011 767 3094 primam
787 3021 898 3092 partem
921 3029 984 3074 uon
1004 3021 1084 3074 recte
1104 3011 1140 3074 ab
1159 3009 1322 3073 editoribus
1341 3008 1439 3090 exple·

279 3123 336 3176 tam
352 3131 419 3174 esse
433 3110 562 3192 quilibet,
582 3111 697 3194 opinor,
716 3112 927 3176 animadvertit
956 3110 1089 3175 Primum
1109 3109 1189 3173 euim
1209 3110 1277 3174 illud
1299 3099 1440 3173 α’κολοε-

279 3213 417 3289 θοῦντες
436 3213 507 3294 quid
526 3213 671 3294 significet
688 3231 783 3295 quove
802 3213 945 3294 pertineat
963 3231 1026 3277 non
1045 3223 1146 3296 potest
1165 3211 1291 3293 intelligi.
1326 3209 1440 3288 Quodsi

278 3315 336 3378 boe
350 3333 406 3398 pro
421 3335 457 3378 eo
473 3316 581 3379 dictum
601 3335 667 3378 esse
686 3316 881 3389 crediderunt,
900 3317 980 3396 quod
1000 3325 1046 3378 est
1059 3309 1189 3402 ἑφεξῆς,
1208 3322 1345 3378 errarunt
1362 3314 1440 3377 baud

279 3417 366 3480 dubie
376 3435 675 3500 magnoporemcque
684 3419 807 3481 ononioo
819 3426 919 3500 potest
930 3409 1129 3482 ἀκολουθεῖν
1137 3417 1220 3482 aliter
1230 3415 1374 3498 usurpari,
1384 3415 1440 3479 nisi

225 3525 259 3578 at
280 3529 313 3584 ut
325 3531 376 3584 aut
390 3521 546 3583 adiunctus
561 3519 600 3582 sit
610 3519 723 3585 dativus
734 3521 798 3584 eius
809 3520 859 3596 rei,
874 3539 962 3602 quam
977 3520 1042 3601 quis
1057 3521 1198 3602 sequitur,
1214 3529 1264 3583 aut
1274 3517 1351 3583 adsit
1362 3527 1442 3580 certe

279 3621 308 3684 in
324 3623 508 3704 propinquo,
523 3623 602 3685 uode
617 3622 809 3687 adsciscatur:
824 3623 991 3686 cuiusmodi
1005 3622 1079 3685 nibil
1093 3634 1139 3685 est
1152 3622 1183 3685 in
1199 3621 1281 3684 omni
1296 3621 1355 3684 boc
1373 3637 1441 3683 ves·-

279 3725 386 3790 borum
405 3734 552 3790 contextu.
586 3727 696 3792 lleindo
715 3717 848 3813 α’ρείαιν,
873 3744 933 3809 quo
953 3725 1093 3789 vocabulo
1122 3724 1280 3788 bellicosos
1304 3723 1441 3788 homines

281 3828 437 3912 significari
457 3829 622 3904 voluerunt,
644 3839 797 3912 poetarum
817 3840 872 3907 est,
895 3840 925 3896 et
942 3849 959 3894 a
977 3828 1140 3893 l'bilodemi
1161 3826 1294 3892 oratione
1315 3845 1442 3912 prorsus

229 3945 231 3950 '
279 3932 420 4009 alienum
440 3933 504 4016 ipsa
518 3943 616 3998 autem
631 3917 775 3998 seutentia
796 3954 872 4008 „sos
885 3937 1019 4000 dicamus
1032 3943 1182 4018 peoestum
1201 3930 1336 3996 bellicum
1356 3930 1440 3996 delli-

281 4055 415 4100 cesorum
428 4035 580 4101 lomim
598 4039 728 4102 iudicari
745 4037 867 4102 dedere·
888 4056 960 4103 sane
979 4056 1067 4121 quam
1087 4035 1199 4120 putida.
1233 4035 1335 4100 Melius
1355 4035 1443 4118 igitur

282 4139 379 4204 locum
394 4139 595 4223 supplebimus
610 4140 641 4205 io
656 4141 735 4207 bunc
750 4141 888 4207 modum:
903 4133 998 4230 ἡμεῖς
1012 4136 1051 4207 δὲ
1060 4138 1203 4226 λέγωμεν
1213 4129 1442 4206 ἀκολουθοῦν·
1482 4180 1486 4189 -

281 4241 396 4315 calceis
408 4249 532 4324 δραιμεν
553 4245 792 4324 οιδφαινιτιθαι
813 4241 980 4329 πορισμὸν
1004 4232 1326 4324 είΙγπιὸ1νείκαιτδν
1350 4234 1443 4326 δορί-

282 4363 409 4430 κτητον.
438 4344 500 4408 Noe
514 4348 654 4422 διἰικιιιε,
669 4353 872 4413 conuenienter
885 4351 923 4412 r'r's
936 4369 1009 4432 prese
1020 4353 1240 4434 proponimus,
1258 4365 1319 4410 ιιιιι
1335 4343 1443 4408 losum

283 4445 380 4510 rideri
395 4456 545 4530 ςνιιειινιιι
564 4447 706 4513 bellicose.
739 4450 773 4514 ln
792 4449 913 4534 reliquis
929 4449 1121 4534 Goettlingius
1139 4469 1203 4516 rem
1222 4449 1298 4514 beno
1316 4445 1442 4512 admini-
