3092 4964
573 513 576 520 μ
607 513 619 520 .
648 425 714 520 179Ι
729 513 773 523 --

91 609 243 674 storiam
263 611 498 676 contentione
516 610 657 693 dignam
677 609 869 676 aestimas?
913 612 1014 696 ltaque
1030 597 1050 699 ἦ
1068 602 1107 675 od
1122 611 1251 676 alienum

90 723 151 777 est:
166 707 226 778 καί
239 725 336 779 autern
353 733 414 780 non
426 716 462 780 ad
477 708 520 780 σό
534 713 674 798 pertinet,
688 723 721 778 ut
736 714 775 778 sit
790 724 826 779 tu
846 734 1002 799 quoqne,
1023 717 1075 780 sed
1090 716 1126 780 ad
1143 710 1258 802 δήριος

90 808 185 896 τίεις,
207 827 309 902 estque
334 819 378 883 sic
402 819 527 896 dictum,
555 827 589 882 ut
614 818 645 883 in
671 820 868 883 convertendo
894 819 923 883 id
950 820 1030 902 quod
1056 839 1146 903 srrpra
1168 819 1256 902 posui

91 929 217 998 „vore“
234 923 371 1006 usurpari
387 922 501 1000 debeat,
516 923 552 987 de
568 941 628 1005 quo
645 941 715 997 uso,
735 922 876 1005 quoniam
892 921 987 987 obiter
1001 924 1109 1005 erponi
1123 942 1184 988 nou
1198 943 1256 1006 po·

92 1036 162 1103 test,
177 1028 352 1093 consulendi
366 1038 452 1093 eruut
465 1027 658 1092 lloederlinus
669 1027 705 1090 ad
721 1026 754 1091 S.
770 1027 843 1091 Oed.
859 1025 920 1090 Col.
937 1027 995 1090 ll'l
1010 1037 1039 1090 et
1050 1027 1172 1092 Ellendt.
1187 1029 1254 1094 Les.

93 1131 187 1216 Soplr.
202 1132 224 1208 1,
238 1152 268 1215 p.
284 1132 356 1198 889.
387 1131 462 1198 llinc
476 1143 597 1216 apparet
611 1132 699 1197 etiam
715 1151 755 1198 σο
771 1150 831 1197 οοο
843 1132 1006 1196 acuendum
1023 1134 1076 1197 sed
1091 1133 1255 1198 enclitieum

93 1255 171 1300 esse.
201 1236 244 1299 lle
264 1236 486 1302 constructione
507 1238 586 1302 verbi
606 1229 668 1302 siro
694 1256 761 1301 cum
787 1237 930 1320 genitivo,
950 1257 1037 1320 quern
1052 1237 1138 1320 pretii
1153 1256 1255 1302 rotare

94 1340 203 1416 solent,
224 1360 286 1405 non
306 1360 384 1426 epus
409 1351 454 1406 eet
479 1341 545 1406 diri.
590 1342 650 1407 lam
670 1362 739 1407 uero
760 1343 832 1424 quid
850 1342 887 1406 ad
907 1342 983 1406 lrauc
997 1341 1255 1424 interrogationem

93 1443 343 1526 Clytaemnestra?
372 1445 580 1529 llespondetno
595 1448 676 1530 qued
691 1449 868 1528 interrogata
883 1445 951 1511 est?
985 1447 1080 1510 lmmo
1100 1445 1196 1528 pergit
1210 1447 1256 1509 in-

94 1555 186 1613 stare:
208 1567 312 1631 parere
325 1549 382 1614 sibi
397 1550 648 1633 Agamemnonem
664 1550 752 1614 iubet.
783 1552 883 1635 Atqui,
903 1550 980 1614 ‹lirat
997 1549 1115 1632 aliquis,
1129 1570 1165 1612 eo
1181 1549 1256 1632 ipso,

94 1652 175 1734 quod
185 1654 243 1718 boc
253 1653 342 1730 iubet,
355 1655 514 1737 respondet
524 1653 611 1718 etiarn
623 1655 843 1737 quodammodo
856 1656 891 1720 ad
904 1655 979 1719 illius
990 1655 1257 1736 interrogationem,

94 1758 204 1841 quippe
224 1776 316 1840 quum
337 1759 438 1823 iterata
458 1759 513 1822 bac
527 1758 752 1840 compellatione
772 1759 843 1823 satis
868 1766 1019 1841 appareat,
1038 1778 1102 1822 eam
1121 1757 1257 1822 uictoriae

95 1860 318 1942 cupidissimam
331 1880 405 1924 esse.
435 1861 489 1924 Est
502 1863 561 1925 boc
574 1861 738 1942 pessimum
751 1880 843 1942 genus
855 1861 1101 1943 conuptelarunr,
1117 1880 1192 1943 quae
1205 1861 1257 1924 ali·

96 1980 152 2044 qua
166 1963 226 2026 veri
241 1963 340 2045 specie
356 1962 452 2027 tallere
466 1961 665 2044 indiligentes,
680 1962 717 2026 ab
732 1963 768 2026 iis
783 1973 894 2038 autern,
908 1963 958 2044 egui
974 1964 1072 2026 nrinus
1086 1973 1168 2027 recte
1184 1963 1259 2026 iudi·

96 2063 143 2127 cio
157 2073 296 2140 utuntur,
312 2064 399 2129 etiam
419 2064 534 2128 delendi
550 2065 677 2146 possint.
709 2065 762 2128 llis
778 2065 875 2148 itaque
894 2065 962 2128 illud
985 2060 1096 2129 πιθοῦ
1111 2082 1171 2128 non
1187 2064 1260 2129 invi·

97 2167 241 2231 dabimus.
273 2167 330 2244 Qui
346 2177 443 2232 autem
459 2166 632 2250 Aeschylum
653 2177 731 2231 recte
747 2177 869 2242 norunt,
889 2167 925 2230 ab
940 2187 1034 2248 eoque
1048 2185 1111 2230 non
1126 2167 1166 2242 id,
1181 2167 1259 2250 quod

97 2279 148 2333 eut
162 2269 311 2334 tolerabile
327 2280 378 2335 aut
391 2269 567 2346 excusabile,
581 2271 634 2334 sed
657 2269 737 2352 quod
752 2270 862 2352 ultique
878 2269 1024 2351 optimum
1040 2269 1140 2353 reique
1154 2289 1260 2334 coure-

98 2371 316 2438 nientissimum
331 2373 385 2449 sit,
400 2373 457 2438 dici
473 2374 568 2437 solere
583 2373 693 2449 sciunt,
714 2373 758 2448 bi,
779 2374 901 2456 opinor,
920 2373 1107 2436 librariorum
1130 2391 1261 2436 errorem

98 2485 272 2556 agnoscent,
287 2477 521 2559 Aeschylunrquc
532 2476 689 2558 scripsisse
700 2477 819 2540 credent
829 2467 865 2539 τί
879 2466 965 2552 όόός
976 2474 1131 2552 Quidni!
1143 2495 1262 2557 nempe:

98 2578 200 2660 quidni
219 2579 370 2644 victoriam
394 2580 583 2644 contentione
598 2579 717 2661 diguam
744 2577 922 2642 aestimem?
937 2579 1017 2662 qrrod
1037 2579 1114 2643 idem
1129 2589 1175 2641 est
1188 2577 1261 2641 acsi

98 2683 289 2762 respondeat:
304 2701 376 2748 sane
391 2683 509 2765 dignam
526 2683 658 2745 nostium.
685 2681 825 2745 Similiter
842 2673 878 2746 ri
899 2674 1006 2760 όόόχί
1024 2682 1053 2744 ie.
1069 2681 1263 2764 responsione

98 2803 114 2846 a
127 2784 356 2866 Clytaemnestra
371 2795 531 2868 usurpatur
545 2783 632 2847 etiam
648 2804 674 2847 s.
690 2785 762 2848 262
792 2786 887 2866 Atque
901 2785 945 2848 sic
958 2785 1077 2848 densum
1092 2784 1179 2847 etiam
1193 2783 1263 2847 illud

99 2887 313 2952 adversativum
327 2883 442 2971 μέντοι
464 2889 493 2952 in
508 2888 646 2971 proximo
660 2888 797 2951 nrernbro
813 2897 891 2951 reete
910 2907 943 2952 se
957 2887 1065 2950 babere
1078 2886 1264 2967 intelligetur.

99 2988 174 3052 llam
190 2999 349 3072 postquam
365 2990 518 3054 uictoriam
535 2990 578 3052 uel
594 2991 783 3053 contentione
796 2989 914 3071 dignam
931 2990 986 3054 sibi
1001 2989 1090 3053 rideri
1105 2989 1187 3063 uisis,
1198 2997 1265 3069 apte

99 3092 243 3174 adiungit:
259 3111 362 3156 rerurn
380 3101 478 3157 tarnen
494 3100 526 3156 tu
542 3091 614 3156 milri
630 3111 694 3157 earu
715 3093 833 3168 rolens,
853 3084 951 3170 istie,
966 3093 996 3154 b.
1016 3111 1042 3154 e.
1062 3090 1127 3155 sine
1141 3099 1265 3154 conten·

103 3193 184 3258 tione
201 3196 340 3260 concede.

185 3299 287 3362 Restat
313 3297 470 3362 etasinmru
495 3297 633 3374 tertium,
654 3317 722 3362 narn
750 3296 837 3362 buius
860 3316 979 3380 quoepre
1009 3296 1122 3379 aliquot
1149 3295 1268 3360 vulnera

101 3401 234 3481 graviora
250 3419 352 3466 curam
367 3411 502 3466 nestram
518 3399 677 3483 postulant
722 3400 828 3464 Statim
849 3400 879 3463 in
893 3401 991 3482 porisne
1010 3401 1148 3483 stropha,
1165 3419 1191 3463 ι.
1206 3398 1268 3463 950

102 3521 178 3584 sqq,
194 3522 269 3584 quae
285 3505 315 3567 in
331 3502 483 3568 codicibus
499 3512 611 3567 extant:
626 3495 743 3586 χρόνος
765 3493 874 3567 d'darsi
897 3495 975 3582 (ἐπὶ
998 3503 1104 3580 l'arn.)
1121 3523 1269 3587 repe-pep-

101 3595 183 3667 σίων
209 3599 423 3688 ξονεμβόλοις
449 3597 608 3689 esperiae
635 3597 763 3680 α’κότας
790 3594 920 3683 (decise
948 3607 1043 3682 eloe.)
1075 3598 1271 3690 παρήβησεν

101 3699 287 3794 (παρήβρό
302 3709 407 3786 Foro.)
430 3693 503 3772 εὖθ’
524 3699 581 3772 eled
601 3698 710 3771 Ἴλιον
732 3692 817 3791 ὦρτο
838 3700 1007 3790 ναυβάτας
1027 3701 1175 3793 στρατός.
1197 3706 1270 3769 baec

101 3809 171 3892 quid
186 3811 351 3894 significare
365 3811 484 3894 possint
495 3808 611 3874 dillisile
625 3809 706 3874 dictu
720 3816 776 3872 est
805 3808 879 3872 llam
895 3808 1010 3872 etiamsi
1024 3801 1141 3891 χρόνος
1163 3799 1272 3872 d’rluse'
1403 3831 1406 3834 ·

102 3911 212 3976 dictum
228 3911 317 3976 rideri
333 3911 430 3994 pressit
444 3929 500 3994 pre
514 3905 628 3995 χρόνος
643 3901 857 3975 ‹t’tcetvtnet
867 3943 909 3957 -
924 3909 982 3973 diu
998 3919 1069 3988 est,
1084 3929 1123 3974 ex
1137 3928 1273 3992 quo-,

103 4011 186 4075 deest
204 4021 302 4076 tamen
321 4011 366 4076 sic
385 4012 474 4075 verbo
496 4007 673 4099 παρόβησε
692 4029 779 4074 suurn
800 4011 974 4074 erdriectum.
1018 4010 1072 4074 Sin
1098 4013 1166 4093 quis
1186 4011 1273 4075 rerba

103 4120 256 4174 construat
274 4111 306 4176 io
326 4113 406 4176 bunc
424 4113 564 4181 modurn:
589 4105 669 4178 iared
691 4106 729 4176 di
749 4104 865 4194 χρόνος
886 4105 1096 4198 παρήβησεν,
1117 4099 1193 4178 edd’
1213 4101 1271 4178 ὑπ’
1294 4121 1333 4176 tt

100 4201 207 4277 ’Ίλιον
227 4198 316 4296 doro
337 4207 481 4298 στρατός
501 4215 520 4277 i.
542 4235 569 4278 e.
588 4223 780 4296 postquam
806 4223 875 4276 tem
884 4232 951 4295 pus
977 4215 1149 4291 exolevit,
1168 4232 1275 4298 quum

103 4313 288 4379 exercitus
311 4315 487 4380 aduersus
505 4316 608 4381 llium
633 4316 825 4398 protectus
845 4327 917 4392 eet,
940 4333 1005 4380 non
1023 4317 1116 4381 modo
1130 4317 1276 4382 absonam

102 4414 247 4482 babemus
266 4417 441 4482 momeliam
465 4416 684 4500 dictionemque
707 4416 879 4493 mirillcam,
905 4419 958 4484 sed
984 4420 1070 4484 deest
1094 4417 1182 4484 etiem
1208 4418 1278 4482 bule

1012 4521 1074 4584 12*
