<?xml version="1.0" encoding="UTF-8"?>
<!DOCTYPE html PUBLIC "-//W3C//DTD XHTML 1.0 Transitional//EN"
    "http://www.w3.org/TR/xhtml1/DTD/xhtml1-transitional.dtd">
<html xmlns="http://www.w3.org/1999/xhtml" xml:lang="en" lang="en">
 <head>
  <title>
</title>
<meta http-equiv="Content-Type" content="text/html;charset=utf-8" />
  <meta name='ocr-system' content='tesseract 3.04.00' />
  <meta name='ocr-capabilities' content='ocr_page ocr_carea ocr_par ocr_line ocrx_word'/>
</head>
<body>
  <div class='ocr_page' id='page_1' title='image "./opusculaacademi01schgoog_0126.png"; bbox 0 0 3078 4954; ppageno 0'>
   <div class='ocr_carea' id='block_1_1' title="bbox 779 407 839 470">
    <p class='ocr_par' dir='ltr' id='par_1_1' title="bbox 779 407 839 470">
     <span class='ocr_line' id='line_1_1' title="bbox 779 407 839 470; baseline 0.017 -1"><span class='ocrx_word' id='word_1_1' title='bbox 779 407 839 470; x_wconf 83' lang='lat' dir='ltr'><strong>tlt</strong></span> 
     </span>
    </p>
   </div>
   <div class='ocr_carea' id='block_1_2' title="bbox 175 593 1391 4485">
    <p class='ocr_par' dir='ltr' id='par_1_2' title="bbox 175 593 1391 888">
     <span class='ocr_line' id='line_1_2' title="bbox 224 593 1391 680; baseline 0 -18"><span class='ocrx_word' id='word_1_2' title='bbox 224 616 286 662; x_wconf 90' lang='lat' dir='ltr'><strong>non</strong></span> <span class='ocrx_word' id='word_1_3' title='bbox 301 595 420 661; x_wconf 82' lang='lat' dir='ltr'><strong>haberet</strong></span> <span class='ocrx_word' id='word_1_4' title='bbox 433 613 508 678; x_wconf 92' lang='lat' dir='ltr'><strong>quae</strong></span> <span class='ocrx_word' id='word_1_5' title='bbox 523 601 625 658; x_wconf 89' lang='lat' dir='ltr'><strong>contra</strong></span> <span class='ocrx_word' id='word_1_6' title='bbox 640 593 759 671; x_wconf 78' lang='lat' dir='ltr'><strong>diceret,</strong></span> <span class='ocrx_word' id='word_1_7' title='bbox 774 597 835 660; x_wconf 83' lang='lat' dir='ltr'><strong>sire</strong></span> <span class='ocrx_word' id='word_1_8' title='bbox 845 595 926 680; x_wconf 83' lang='lat' dir='ltr'><strong>quod</strong></span> <span class='ocrx_word' id='word_1_9' title='bbox 942 613 1008 661; x_wconf 81' lang='lat' dir='ltr'><strong>eum</strong></span> <span class='ocrx_word' id='word_1_10' title='bbox 1023 597 1143 662; x_wconf 86' lang='lat' dir='ltr'><strong>rellrtari</strong></span> <span class='ocrx_word' id='word_1_11' title='bbox 1159 616 1220 662; x_wconf 92' lang='lat' dir='ltr'><strong>noo</strong></span> <span class='ocrx_word' id='word_1_12' title='bbox 1235 617 1312 680; x_wconf 95' lang='lat' dir='ltr'><strong>opus</strong></span> <span class='ocrx_word' id='word_1_13' title='bbox 1323 617 1391 662; x_wconf 87' lang='lat' dir='ltr'><strong>esse</strong></span> 
     </span>
     <span class='ocr_line' id='line_1_3' title="bbox 223 697 1391 784; baseline 0.002 -19"><span class='ocrx_word' id='word_1_14' title='bbox 223 709 349 784; x_wconf 88' lang='lat' dir='ltr'><strong>putaret.</strong></span> <span class='ocrx_word' id='word_1_15' title='bbox 388 699 451 782; x_wconf 77' lang='grc' dir='ltr'><strong>Εςο</strong></span> <span class='ocrx_word' id='word_1_16' title='bbox 473 707 570 763; x_wconf 88' lang='lat' dir='ltr'><strong>autem</strong></span> <span class='ocrx_word' id='word_1_17' title='bbox 589 698 627 761; x_wconf 82' lang='lat' dir='ltr'><strong>als</strong></span> <span class='ocrx_word' id='word_1_18' title='bbox 646 697 695 776; x_wconf 85' lang='lat' dir='ltr'><strong>iis,</strong></span> <span class='ocrx_word' id='word_1_19' title='bbox 717 699 767 782; x_wconf 90' lang='lat' dir='ltr'><strong>qui</strong></span> <span class='ocrx_word' id='word_1_20' title='bbox 786 699 914 766; x_wconf 82' lang='lat' dir='ltr'><strong>iudicare</strong></span> <span class='ocrx_word' id='word_1_21' title='bbox 934 700 1010 764; x_wconf 88' lang='lat' dir='ltr'><strong>inter</strong></span> <span class='ocrx_word' id='word_1_22' title='bbox 1024 717 1082 764; x_wconf 88' lang='lat' dir='ltr'><strong>noa</strong></span> <span class='ocrx_word' id='word_1_23' title='bbox 1096 699 1207 778; x_wconf 85' lang='lat' dir='ltr'><strong>volent,</strong></span> <span class='ocrx_word' id='word_1_24' title='bbox 1226 701 1298 766; x_wconf 91' lang='lat' dir='ltr'><strong>nihil</strong></span> <span class='ocrx_word' id='word_1_25' title='bbox 1313 702 1391 768; x_wconf 85' lang='lat' dir='ltr'><strong>aliud</strong></span> 
     </span>
     <span class='ocr_line' id='line_1_4' title="bbox 175 801 1390 888; baseline 0 -18"><span class='ocrx_word' id='word_1_26' title='bbox 175 815 207 870; x_wconf 76' lang='lat' dir='ltr'><strong>tt</strong></span> <span class='ocrx_word' id='word_1_27' title='bbox 223 816 304 888; x_wconf 85' lang='lat' dir='ltr'><strong>peto,</strong></span> <span class='ocrx_word' id='word_1_28' title='bbox 320 801 378 868; x_wconf 87' lang='lat' dir='ltr'><strong>nisi</strong></span> <span class='ocrx_word' id='word_1_29' title='bbox 393 813 426 868; x_wconf 92' lang='lat' dir='ltr'><strong>ut</strong></span> <span class='ocrx_word' id='word_1_30' title='bbox 443 809 632 886; x_wconf 68' lang='lat' dir='ltr'><strong>cognoscant</strong></span> <span class='ocrx_word' id='word_1_31' title='bbox 644 803 746 868; x_wconf 85' lang='lat' dir='ltr'><strong>saltem</strong></span> <span class='ocrx_word' id='word_1_32' title='bbox 763 803 834 888; x_wconf 82' lang='lat' dir='ltr'><strong>ipsi,</strong></span> <span class='ocrx_word' id='word_1_33' title='bbox 856 805 962 888; x_wconf 89' lang='lat' dir='ltr'><strong>quibus</strong></span> <span class='ocrx_word' id='word_1_34' title='bbox 977 814 1100 888; x_wconf 87' lang='lat' dir='ltr'><strong>uterque</strong></span> <span class='ocrx_word' id='word_1_35' title='bbox 1114 813 1252 870; x_wconf 88' lang='lat' dir='ltr'><strong>nostrum</strong></span> <span class='ocrx_word' id='word_1_36' title='bbox 1267 805 1390 870; x_wconf 91' lang='lat' dir='ltr'><strong>rationi·</strong></span> 
     </span>
    </p>

    <p class='ocr_par' dir='ltr' id='par_1_3' title="bbox 207 906 1391 1706">
     <span class='ocr_line' id='line_1_5' title="bbox 221 906 1391 994; baseline 0.003 -22"><span class='ocrx_word' id='word_1_37' title='bbox 221 907 277 972; x_wconf 88' lang='lat' dir='ltr'><strong>hus</strong></span> <span class='ocrx_word' id='word_1_38' title='bbox 292 907 411 972; x_wconf 76' lang='lat' dir='ltr'><strong>nitatur.</strong></span> <span class='ocrx_word' id='word_1_39' title='bbox 455 907 513 972; x_wconf 89' lang='lat' dir='ltr'><strong>Sed</strong></span> <span class='ocrx_word' id='word_1_40' title='bbox 533 926 571 972; x_wconf 88' lang='lat' dir='ltr'><strong>ne</strong></span> <span class='ocrx_word' id='word_1_41' title='bbox 593 906 663 990; x_wconf 90' lang='lat' dir='ltr'><strong>quid</strong></span> <span class='ocrx_word' id='word_1_42' title='bbox 683 927 739 992; x_wconf 77' lang='lat' dir='ltr'><strong>eqo</strong></span> <span class='ocrx_word' id='word_1_43' title='bbox 753 928 873 994; x_wconf 89' lang='lat' dir='ltr'><strong>quoque</strong></span> <span class='ocrx_word' id='word_1_44' title='bbox 887 909 924 974; x_wconf 85' lang='lat' dir='ltr'><strong>de</strong></span> <span class='ocrx_word' id='word_1_45' title='bbox 944 907 1103 974; x_wconf 86' lang='lat' dir='ltr'><strong>aduersarii</strong></span> <span class='ocrx_word' id='word_1_46' title='bbox 1118 908 1299 991; x_wconf 73' lang='lat' dir='ltr'>argumentis</span> <span class='ocrx_word' id='word_1_47' title='bbox 1319 909 1391 975; x_wconf 87' lang='lat' dir='ltr'><strong>reti·</strong></span> 
     </span>
     <span class='ocr_line' id='line_1_6' title="bbox 219 1011 1390 1098; baseline -0.001 -21"><span class='ocrx_word' id='word_1_48' title='bbox 219 1012 317 1077; x_wconf 84' lang='lat' dir='ltr'><strong>ruisse</strong></span> <span class='ocrx_word' id='word_1_49' title='bbox 333 1011 425 1090; x_wconf 82' lang='lat' dir='ltr'><strong>dicar,</strong></span> <span class='ocrx_word' id='word_1_50' title='bbox 446 1011 632 1078; x_wconf 83' lang='lat' dir='ltr'><strong>lirrmsunus</strong></span> <span class='ocrx_word' id='word_1_51' title='bbox 653 1032 683 1096; x_wconf 91' lang='lat' dir='ltr'><strong>p.</strong></span> <span class='ocrx_word' id='word_1_52' title='bbox 702 1013 756 1088; x_wconf 87' lang='lat' dir='ltr'><strong>ll,</strong></span> <span class='ocrx_word' id='word_1_53' title='bbox 776 1021 810 1076; x_wconf 89' lang='lat' dir='ltr'><strong>ut</strong></span> <span class='ocrx_word' id='word_1_54' title='bbox 824 1011 962 1078; x_wconf 82' lang='lat' dir='ltr'><strong>ostendat</strong></span> <span class='ocrx_word' id='word_1_55' title='bbox 976 1012 1102 1078; x_wconf 82' lang='lat' dir='ltr'><strong>dssbitari</strong></span> <span class='ocrx_word' id='word_1_56' title='bbox 1118 1031 1180 1078; x_wconf 90' lang='lat' dir='ltr'><strong>non</strong></span> <span class='ocrx_word' id='word_1_57' title='bbox 1195 1033 1299 1098; x_wconf 86' lang='lat' dir='ltr'><strong>posse,</strong></span> <span class='ocrx_word' id='word_1_58' title='bbox 1318 1013 1390 1098; x_wconf 90' lang='lat' dir='ltr'><strong>quin</strong></span> 
     </span>
     <span class='ocr_line' id='line_1_7' title="bbox 218 1115 1390 1202; baseline -0.002 -20"><span class='ocrx_word' id='word_1_59' title='bbox 218 1117 420 1182; x_wconf 71' lang='lat' dir='ltr'><strong>Prometheus</strong></span> <span class='ocrx_word' id='word_1_60' title='bbox 444 1117 532 1182; x_wconf 83' lang='lat' dir='ltr'><strong>etiarn</strong></span> <span class='ocrx_word' id='word_1_61' title='bbox 552 1116 582 1181; x_wconf 94' lang='lat' dir='ltr'><strong>in</strong></span> <span class='ocrx_word' id='word_1_62' title='bbox 603 1115 688 1181; x_wconf 85' lang='lat' dir='ltr'><strong>tortia</strong></span> <span class='ocrx_word' id='word_1_63' title='bbox 713 1115 845 1200; x_wconf 78' lang='lat' dir='ltr'><strong>trilopise</strong></span> <span class='ocrx_word' id='word_1_64' title='bbox 865 1117 1014 1201; x_wconf 77' lang='lat' dir='ltr'><strong>tragoedis</strong></span> <span class='ocrx_word' id='word_1_65' title='bbox 1040 1117 1328 1202; x_wconf 73' lang='lat' dir='ltr'><strong>perseveraverit</strong></span> <span class='ocrx_word' id='word_1_66' title='bbox 1353 1116 1390 1181; x_wconf 91' lang='lat' dir='ltr'><strong>in</strong></span> 
     </span>
     <span class='ocr_line' id='line_1_8' title="bbox 217 1219 1390 1304; baseline 0 -19"><span class='ocrx_word' id='word_1_67' title='bbox 217 1219 429 1304; x_wconf 88' lang='lat' dir='ltr'><strong>proposito,</strong></span> <span class='ocrx_word' id='word_1_68' title='bbox 453 1239 520 1284; x_wconf 88' lang='lat' dir='ltr'><strong>neo</strong></span> <span class='ocrx_word' id='word_1_69' title='bbox 539 1221 646 1303; x_wconf 92' lang='lat' dir='ltr'><strong>prius</strong></span> <span class='ocrx_word' id='word_1_70' title='bbox 665 1239 767 1303; x_wconf 92' lang='lat' dir='ltr'><strong>quam</strong></span> <span class='ocrx_word' id='word_1_71' title='bbox 792 1221 917 1284; x_wconf 90' lang='lat' dir='ltr'><strong>soluta</strong></span> <span class='ocrx_word' id='word_1_72' title='bbox 935 1231 1058 1286; x_wconf 88' lang='lat' dir='ltr'><strong>essent</strong></span> <span class='ocrx_word' id='word_1_73' title='bbox 1084 1221 1226 1286; x_wconf 86' lang='lat' dir='ltr'><strong>rineula</strong></span> <span class='ocrx_word' id='word_1_74' title='bbox 1251 1221 1390 1285; x_wconf 81' lang='lat' dir='ltr'><strong>indica·</strong></span> 
     </span>
     <span class='ocr_line' id='line_1_9' title="bbox 218 1322 1390 1406; baseline 0.001 -21"><span class='ocrx_word' id='word_1_75' title='bbox 218 1323 326 1399; x_wconf 81' lang='lat' dir='ltr'><strong>serit,</strong></span> <span class='ocrx_word' id='word_1_76' title='bbox 341 1343 429 1406; x_wconf 88' lang='lat' dir='ltr'><strong>quae</strong></span> <span class='ocrx_word' id='word_1_77' title='bbox 444 1325 505 1388; x_wconf 89' lang='lat' dir='ltr'><strong>illa</strong></span> <span class='ocrx_word' id='word_1_78' title='bbox 521 1335 620 1388; x_wconf 86' lang='lat' dir='ltr'><strong>esset</strong></span> <span class='ocrx_word' id='word_1_79' title='bbox 634 1322 810 1400; x_wconf 68' lang='lat' dir='ltr'><strong>eonium</strong></span> <span class='ocrx_word' id='word_1_80' title='bbox 830 1323 937 1388; x_wconf 89' lang='lat' dir='ltr'><strong>ouius</strong></span> <span class='ocrx_word' id='word_1_81' title='bbox 951 1323 1033 1388; x_wconf 89' lang='lat' dir='ltr'><strong>lilio</strong></span> <span class='ocrx_word' id='word_1_82' title='bbox 1048 1334 1191 1388; x_wconf 83' lang='lat' dir='ltr'><strong>exutum</strong></span> <span class='ocrx_word' id='word_1_83' title='bbox 1212 1323 1258 1388; x_wconf 91' lang='lat' dir='ltr'><strong>iri</strong></span> <span class='ocrx_word' id='word_1_84' title='bbox 1277 1341 1390 1405; x_wconf 91' lang='lat' dir='ltr'><strong>opor·</strong></span> 
     </span>
     <span class='ocr_line' id='line_1_10' title="bbox 207 1424 1389 1510; baseline 0 -22"><span class='ocrx_word' id='word_1_85' title='bbox 207 1435 314 1496; x_wconf 85' lang='lat' dir='ltr'><strong>¹toret</strong></span> <span class='ocrx_word' id='word_1_86' title='bbox 329 1435 515 1508; x_wconf 71' lang='lat' dir='ltr'><strong>potestate</strong></span> <span class='ocrx_word' id='word_1_87' title='bbox 530 1446 592 1491; x_wconf 88' lang='lat' dir='ltr'><strong>sua</strong></span> <span class='ocrx_word' id='word_1_88' title='bbox 606 1427 739 1502; x_wconf 79' lang='lat' dir='ltr'><strong>lovem,</strong></span> <span class='ocrx_word' id='word_1_89' title='bbox 754 1427 946 1510; x_wconf 77' lang='lat' dir='ltr'><strong>provocaturi</strong></span> <span class='ocrx_word' id='word_1_90' title='bbox 963 1447 988 1490; x_wconf 88' lang='grc' dir='ltr'><strong>ι.</strong></span> <span class='ocrx_word' id='word_1_91' title='bbox 1005 1425 1079 1503; x_wconf 80' lang='lat'><strong>752,</strong></span> <span class='ocrx_word' id='word_1_92' title='bbox 1092 1426 1143 1490; x_wconf 85' lang='lat' dir='ltr'><strong>uhi</strong></span> <span class='ocrx_word' id='word_1_93' title='bbox 1157 1445 1249 1508; x_wconf 89' lang='lat' dir='ltr'><strong>quum</strong></span> <span class='ocrx_word' id='word_1_94' title='bbox 1272 1424 1389 1508; x_wconf 88' lang='lat' dir='ltr'><strong>quaesi·</strong></span> 
     </span>
     <span class='ocr_line' id='line_1_11' title="bbox 218 1527 1389 1614; baseline 0.001 -23"><span class='ocrx_word' id='word_1_95' title='bbox 218 1527 373 1604; x_wconf 77' lang='lat' dir='ltr'><strong>risnello,</strong></span> <span class='ocrx_word' id='word_1_96' title='bbox 388 1529 540 1593; x_wconf 88' lang='lat' dir='ltr'><strong>nullumne</strong></span> <span class='ocrx_word' id='word_1_97' title='bbox 554 1529 615 1593; x_wconf 85' lang='lat' dir='ltr'><strong>lovi</strong></span> <span class='ocrx_word' id='word_1_98' title='bbox 640 1529 780 1614; x_wconf 71' lang='lat' dir='ltr'><strong>effugium</strong></span> <span class='ocrx_word' id='word_1_99' title='bbox 801 1528 898 1594; x_wconf 88' lang='lat' dir='ltr'><strong>latalis</strong></span> <span class='ocrx_word' id='word_1_100' title='bbox 917 1531 1009 1595; x_wconf 88' lang='lat' dir='ltr'><strong>sortis</strong></span> <span class='ocrx_word' id='word_1_101' title='bbox 1024 1537 1116 1605; x_wconf 85' lang='lat' dir='ltr'><strong>esset,</strong></span> <span class='ocrx_word' id='word_1_102' title='bbox 1135 1529 1299 1612; x_wconf 73' lang='lat' dir='ltr'><strong>respondet</strong></span> <span class='ocrx_word' id='word_1_103' title='bbox 1313 1527 1389 1592; x_wconf 89' lang='lat' dir='ltr'><strong>Pro·</strong></span> 
     </span>
     <span class='ocr_line' id='line_1_12' title="bbox 219 1631 370 1706; baseline 0 -10"><span class='ocrx_word' id='word_1_104' title='bbox 219 1631 370 1706; x_wconf 80' lang='lat' dir='ltr'><strong>metheus,</strong></span> 
     </span>
    </p>

    <p class='ocr_par' dir='ltr' id='par_1_4' title="bbox 217 1725 1389 2334">
     <span class='ocr_line' id='line_1_13' title="bbox 407 1725 1197 1824; baseline -0.003 -24"><span class='ocrx_word' id='word_1_105' title='bbox 407 1727 446 1800; x_wconf 82' lang='lat' dir='ltr'><strong>osi</strong></span> <span class='ocrx_word' id='word_1_106' title='bbox 470 1731 555 1822; x_wconf 79' lang='grc' dir='ltr'><strong><em>δῆτα</em></strong></span> <span class='ocrx_word' id='word_1_107' title='bbox 576 1731 666 1824; x_wconf 65' lang='grc' dir='ltr'><strong><em>πλήν</em></strong></span> <span class='ocrx_word' id='word_1_108' title='bbox 680 1725 780 1821; x_wconf 76' lang='lat' dir='ltr'><strong>i&#39;ytoy&#39;</strong></span> <span class='ocrx_word' id='word_1_109' title='bbox 802 1725 844 1800; x_wconf 70' lang='lat' dir='ltr'><strong>riv</strong></span> <span class='ocrx_word' id='word_1_110' title='bbox 865 1729 902 1801; x_wconf 75' lang='lat' dir='ltr'><strong>is</strong></span> <span class='ocrx_word' id='word_1_111' title='bbox 925 1731 1057 1820; x_wconf 73' lang='lat' dir='ltr'><strong>herponis</strong></span> <span class='ocrx_word' id='word_1_112' title='bbox 1069 1725 1197 1812; x_wconf 69' lang='grc' dir='ltr'><strong><em>λυθείς.</em></strong></span> 
     </span>
     <span class='ocr_line' id='line_1_14' title="bbox 217 1833 1388 1924; baseline -0.002 -22"><span class='ocrx_word' id='word_1_113' title='bbox 217 1859 333 1922; x_wconf 86' lang='lat' dir='ltr'><strong>„neque</strong></span> <span class='ocrx_word' id='word_1_114' title='bbox 347 1837 406 1902; x_wconf 84' lang='lat' dir='ltr'><strong>isto</strong></span> <span class='ocrx_word' id='word_1_115' title='bbox 421 1837 517 1902; x_wconf 91' lang='lat' dir='ltr'><strong>solum</strong></span> <span class='ocrx_word' id='word_1_116' title='bbox 532 1847 638 1904; x_wconf 73' lang='lat' dir='ltr'><strong>uersu·</strong></span> <span class='ocrx_word' id='word_1_117' title='bbox 655 1839 758 1922; x_wconf 83' lang='lat' dir='ltr'><strong>inquit,</strong></span> <span class='ocrx_word' id='word_1_118' title='bbox 772 1841 842 1916; x_wconf 83' lang='lat' dir='ltr'><strong>„sed</strong></span> <span class='ocrx_word' id='word_1_119' title='bbox 858 1860 946 1924; x_wconf 83' lang='lat' dir='ltr'><strong>saepe</strong></span> <span class='ocrx_word' id='word_1_120' title='bbox 961 1850 991 1905; x_wconf 83' lang='lat' dir='ltr'><strong>et</strong></span> <span class='ocrx_word' id='word_1_121' title='bbox 1002 1839 1120 1923; x_wconf 78' lang='lat' dir='ltr'><strong>gravius</strong></span> <span class='ocrx_word' id='word_1_122' title='bbox 1130 1838 1219 1902; x_wconf 86' lang='lat' dir='ltr'><strong>etiam</strong></span> <span class='ocrx_word' id='word_1_123' title='bbox 1230 1837 1284 1901; x_wconf 87' lang='lat' dir='ltr'><strong>has</strong></span> <span class='ocrx_word' id='word_1_124' title='bbox 1292 1833 1388 1900; x_wconf 87' lang='lat' dir='ltr'><strong>minas</strong></span> 
     </span>
     <span class='ocr_line' id='line_1_15' title="bbox 218 1937 1389 2026; baseline -0.003 -20"><span class='ocrx_word' id='word_1_125' title='bbox 218 1941 376 2026; x_wconf 82' lang='lat' dir='ltr'><strong>eloquitur,</strong></span> <span class='ocrx_word' id='word_1_126' title='bbox 391 1951 425 2006; x_wconf 93' lang='lat' dir='ltr'><strong>ut</strong></span> <span class='ocrx_word' id='word_1_127' title='bbox 437 1961 464 2006; x_wconf 88' lang='grc' dir='ltr'><strong>ι.</strong></span> <span class='ocrx_word' id='word_1_128' title='bbox 484 1941 660 2008; x_wconf 78' lang='lat' dir='ltr'><strong>lut-17¹1.</strong></span> <span class='ocrx_word' id='word_1_129' title='bbox 685 1942 863 2008; x_wconf 75' lang='grc'><strong>186-192.</strong></span> <span class='ocrx_word' id='word_1_130' title='bbox 883 1942 1064 2007; x_wconf 77' lang='lat' dir='ltr'><strong>sou-51¹1.</strong></span> <span class='ocrx_word' id='word_1_131' title='bbox 1086 1939 1266 2007; x_wconf 75' lang='lat'><strong>887-920.</strong></span> <span class='ocrx_word' id='word_1_132' title='bbox 1282 1937 1389 2004; x_wconf 78' lang='grc'>969-</span> 
     </span>
     <span class='ocr_line' id='line_1_16' title="bbox 218 2040 1387 2128; baseline -0.003 -19"><span class='ocrx_word' id='word_1_133' title='bbox 218 2045 315 2109; x_wconf 62' lang='lat' dir='ltr'><strong>uhts·</strong></span> <span class='ocrx_word' id='word_1_134' title='bbox 358 2045 512 2128; x_wconf 75' lang='lat' dir='ltr'><strong>Eloquitur</strong></span> <span class='ocrx_word' id='word_1_135' title='bbox 531 2066 620 2123; x_wconf 66' lang='lat' dir='ltr'><strong>saum</strong></span> <span class='ocrx_word' id='word_1_136' title='bbox 647 2047 698 2110; x_wconf 83' lang='lat' dir='ltr'><strong>sesl</strong></span> <span class='ocrx_word' id='word_1_137' title='bbox 724 2047 873 2128; x_wconf 83' lang='lat' dir='ltr'><strong>eloquitur</strong></span> <span class='ocrx_word' id='word_1_138' title='bbox 896 2045 960 2110; x_wconf 90' lang='lat' dir='ltr'><strong>aliis</strong></span> <span class='ocrx_word' id='word_1_139' title='bbox 986 2043 1059 2110; x_wconf 87' lang='lat' dir='ltr'><strong>loeis</strong></span> <span class='ocrx_word' id='word_1_140' title='bbox 1079 2044 1167 2109; x_wconf 87' lang='lat' dir='ltr'><strong>otiam</strong></span> <span class='ocrx_word' id='word_1_141' title='bbox 1187 2041 1268 2108; x_wconf 87' lang='lat' dir='ltr'><strong>alias.</strong></span> <span class='ocrx_word' id='word_1_142' title='bbox 1312 2040 1387 2106; x_wconf 84' lang='lat' dir='ltr'><strong>Nem</strong></span> 
     </span>
     <span class='ocr_line' id='line_1_17' title="bbox 219 2143 1388 2232; baseline -0.003 -21"><span class='ocrx_word' id='word_1_143' title='bbox 219 2167 246 2212; x_wconf 86' lang='grc' dir='ltr'><strong>ι.</strong></span> <span class='ocrx_word' id='word_1_144' title='bbox 271 2148 335 2212; x_wconf 76' lang='grc'><strong>757</strong></span> <span class='ocrx_word' id='word_1_145' title='bbox 359 2166 422 2213; x_wconf 84' lang='grc' dir='ltr'><strong>οοο</strong></span> <span class='ocrx_word' id='word_1_146' title='bbox 447 2159 515 2213; x_wconf 86' lang='lat' dir='ltr'><strong>aute</strong></span> <span class='ocrx_word' id='word_1_147' title='bbox 540 2168 573 2214; x_wconf 90' lang='lat' dir='ltr'><strong>se</strong></span> <span class='ocrx_word' id='word_1_148' title='bbox 597 2151 729 2216; x_wconf 90' lang='lat' dir='ltr'><strong>solutum</strong></span> <span class='ocrx_word' id='word_1_149' title='bbox 755 2149 790 2214; x_wconf 92' lang='lat' dir='ltr'><strong>iri</strong></span> <span class='ocrx_word' id='word_1_150' title='bbox 817 2150 958 2226; x_wconf 82' lang='lat' dir='ltr'><strong>affirmat,</strong></span> <span class='ocrx_word' id='word_1_151' title='bbox 984 2167 1071 2232; x_wconf 88' lang='lat' dir='ltr'><strong>quem</strong></span> <span class='ocrx_word' id='word_1_152' title='bbox 1099 2145 1240 2212; x_wconf 80' lang='lat' dir='ltr'><strong>exciderit</strong></span> <span class='ocrx_word' id='word_1_153' title='bbox 1263 2143 1388 2228; x_wconf 86' lang='lat' dir='ltr'><strong>imperio</strong></span> 
     </span>
     <span class='ocr_line' id='line_1_18' title="bbox 220 2249 347 2334; baseline 0.016 -20"><span class='ocrx_word' id='word_1_154' title='bbox 220 2249 347 2334; x_wconf 82' lang='lat' dir='ltr'><strong>iupiter:</strong></span> 
     </span>
    </p>

    <p class='ocr_par' dir='ltr' id='par_1_5' title="bbox 408 2345 1177 2442">
     <span class='ocr_line' id='line_1_19' title="bbox 408 2345 1177 2442; baseline -0.004 -25"><span class='ocrx_word' id='word_1_155' title='bbox 408 2356 462 2418; x_wconf 78' lang='grc' dir='ltr'><strong>νῦν</strong></span> <span class='ocrx_word' id='word_1_156' title='bbox 484 2345 515 2418; x_wconf 76' lang='grc' dir='ltr'><strong>δ’</strong></span> <span class='ocrx_word' id='word_1_157' title='bbox 536 2345 631 2420; x_wconf 72' lang='grc' dir='ltr'><strong><em>οὐδέν</em></strong></span> <span class='ocrx_word' id='word_1_158' title='bbox 651 2347 726 2420; x_wconf 75' lang='grc' dir='ltr'><strong><em>ἐστι</em></strong></span> <span class='ocrx_word' id='word_1_159' title='bbox 747 2349 854 2442; x_wconf 80' lang='grc' dir='ltr'><em>τέρμα</em></span> <span class='ocrx_word' id='word_1_160' title='bbox 873 2375 935 2435; x_wconf 86' lang='grc' dir='ltr'><strong>μοι</strong></span> <span class='ocrx_word' id='word_1_161' title='bbox 957 2345 1177 2440; x_wconf 78' lang='grc' dir='ltr'><strong><em>προκείμενον</em></strong></span> 
     </span>
    </p>

    <p class='ocr_par' dir='ltr' id='par_1_6' title="bbox 220 2446 1385 2745">
     <span class='ocr_line' id='line_1_20' title="bbox 406 2446 1195 2544; baseline -0.003 -24"><span class='ocrx_word' id='word_1_162' title='bbox 406 2451 555 2538; x_wconf 71' lang='grc' dir='ltr'><strong><em>μόχθων,</em></strong></span> <span class='ocrx_word' id='word_1_163' title='bbox 578 2453 659 2541; x_wconf 80' lang='grc' dir='ltr'><strong><em>πρὶν</em></strong></span> <span class='ocrx_word' id='word_1_164' title='bbox 680 2447 722 2520; x_wconf 68' lang='lat' dir='ltr'><strong>tto</strong></span> <span class='ocrx_word' id='word_1_165' title='bbox 743 2453 828 2536; x_wconf 77' lang='grc' dir='ltr'><strong>Ζεῦς</strong></span> <span class='ocrx_word' id='word_1_166' title='bbox 849 2449 974 2544; x_wconf 69' lang='grc' dir='ltr'><strong><em>ἐκπέσῃ</em></strong></span> <span class='ocrx_word' id='word_1_167' title='bbox 996 2446 1195 2542; x_wconf 70' lang='grc' dir='ltr'><strong>τυραννίδος.</strong></span> 
     </span>
     <span class='ocr_line' id='line_1_21' title="bbox 220 2557 1385 2644; baseline -0.004 -21"><span class='ocrx_word' id='word_1_168' title='bbox 220 2559 350 2642; x_wconf 88' lang='lat' dir='ltr'><strong>itemquo</strong></span> <span class='ocrx_word' id='word_1_169' title='bbox 369 2577 396 2622; x_wconf 89' lang='grc' dir='ltr'><strong>ι.</strong></span> <span class='ocrx_word' id='word_1_170' title='bbox 410 2559 473 2624; x_wconf 77' lang='grc'><strong>928</strong></span> <span class='ocrx_word' id='word_1_171' title='bbox 493 2560 570 2624; x_wconf 83' lang='lat' dir='ltr'><strong>louis</strong></span> <span class='ocrx_word' id='word_1_172' title='bbox 590 2561 701 2624; x_wconf 81' lang='lat' dir='ltr'><strong>etalem</strong></span> <span class='ocrx_word' id='word_1_173' title='bbox 724 2569 812 2644; x_wconf 84' lang='lat' dir='ltr'><strong>etque</strong></span> <span class='ocrx_word' id='word_1_174' title='bbox 831 2560 951 2624; x_wconf 83' lang='lat' dir='ltr'><strong>exitium</strong></span> <span class='ocrx_word' id='word_1_175' title='bbox 977 2559 1062 2643; x_wconf 87' lang='lat' dir='ltr'><strong>quasi</strong></span> <span class='ocrx_word' id='word_1_176' title='bbox 1087 2557 1189 2641; x_wconf 87' lang='lat' dir='ltr'><strong>utique</strong></span> <span class='ocrx_word' id='word_1_177' title='bbox 1213 2564 1385 2620; x_wconf 76' lang='lat' dir='ltr'><strong>eventurum</strong></span> 
     </span>
     <span class='ocr_line' id='line_1_22' title="bbox 220 2661 373 2745; baseline -0.013 -17"><span class='ocrx_word' id='word_1_178' title='bbox 220 2661 373 2745; x_wconf 81' lang='lat' dir='ltr'><strong>praedicit:</strong></span> 
     </span>
    </p>

    <p class='ocr_par' dir='ltr' id='par_1_7' title="bbox 407 2757 1157 2855">
     <span class='ocr_line' id='line_1_23' title="bbox 407 2757 1157 2855; baseline -0.004 -25"><span class='ocrx_word' id='word_1_179' title='bbox 407 2759 555 2845; x_wconf 75' lang='grc' dir='ltr'><strong><em>πταίσας</em></strong></span> <span class='ocrx_word' id='word_1_180' title='bbox 576 2762 614 2832; x_wconf 78' lang='grc' dir='ltr'><strong>δὲ</strong></span> <span class='ocrx_word' id='word_1_181' title='bbox 634 2763 721 2855; x_wconf 80' lang='grc' dir='ltr'><strong><em>τῷδε</em></strong></span> <span class='ocrx_word' id='word_1_182' title='bbox 736 2761 823 2853; x_wconf 76' lang='grc' dir='ltr'><strong><em>πρὸς</em></strong></span> <span class='ocrx_word' id='word_1_183' title='bbox 843 2761 937 2852; x_wconf 78' lang='grc' dir='ltr'><strong><em>κακῷ</em></strong></span> <span class='ocrx_word' id='word_1_184' title='bbox 949 2757 1157 2852; x_wconf 70' lang='grc' dir='ltr'><strong><em>μαθήσεται,</em></strong></span> 
     </span>
    </p>

    <p class='ocr_par' dir='ltr' id='par_1_8' title="bbox 220 2857 1177 3036">
     <span class='ocr_line' id='line_1_24' title="bbox 407 2857 1177 2956; baseline -0.004 -23"><span class='ocrx_word' id='word_1_185' title='bbox 407 2863 488 2933; x_wconf 81' lang='grc' dir='ltr'><strong><em>ι’)ὀον</em></strong></span> <span class='ocrx_word' id='word_1_186' title='bbox 509 2862 549 2933; x_wconf 83' lang='grc' dir='ltr'><strong>τό</strong></span> <span class='ocrx_word' id='word_1_187' title='bbox 571 2860 599 2933; x_wconf 84' lang='grc' dir='ltr'><strong>τ’</strong></span> <span class='ocrx_word' id='word_1_188' title='bbox 622 2859 735 2956; x_wconf 77' lang='grc' dir='ltr'><strong><em>ι’ίρχειν</em></strong></span> <span class='ocrx_word' id='word_1_189' title='bbox 755 2865 814 2932; x_wconf 76' lang='lat' dir='ltr'><strong>soi</strong></span> <span class='ocrx_word' id='word_1_190' title='bbox 834 2865 875 2933; x_wconf 81' lang='grc' dir='ltr'><strong>τὸ</strong></span> <span class='ocrx_word' id='word_1_191' title='bbox 897 2861 1066 2932; x_wconf 73' lang='grc' dir='ltr'><strong><em>δουλεύειν</em></strong></span> <span class='ocrx_word' id='word_1_192' title='bbox 1087 2857 1177 2946; x_wconf 77' lang='grc' dir='ltr'><strong><em>δίχα.</em></strong></span> 
     </span>
     <span class='ocr_line' id='line_1_25' title="bbox 220 2970 648 3036; baseline 0.002 -4"><span class='ocrx_word' id='word_1_193' title='bbox 220 2989 276 3034; x_wconf 86' lang='lat' dir='ltr'><strong>nee</strong></span> <span class='ocrx_word' id='word_1_194' title='bbox 289 2970 390 3036; x_wconf 84' lang='lat' dir='ltr'><strong>suiuus</strong></span> <span class='ocrx_word' id='word_1_195' title='bbox 404 2971 514 3034; x_wconf 81' lang='lat' dir='ltr'><strong>diserte</strong></span> <span class='ocrx_word' id='word_1_196' title='bbox 528 2989 554 3031; x_wconf 87' lang='grc' dir='ltr'><strong>ν.</strong></span> <span class='ocrx_word' id='word_1_197' title='bbox 570 2971 648 3033; x_wconf 82' lang='lat' dir='ltr'><strong>llll:</strong></span> 
     </span>
    </p>

    <p class='ocr_par' dir='ltr' id='par_1_9' title="bbox 407 3061 1187 3156">
     <span class='ocr_line' id='line_1_26' title="bbox 407 3061 1187 3156; baseline -0.004 -22"><span class='ocrx_word' id='word_1_198' title='bbox 407 3065 527 3154; x_wconf 74' lang='grc' dir='ltr'><strong><em>δράτω,</em></strong></span> <span class='ocrx_word' id='word_1_199' title='bbox 550 3062 711 3156; x_wconf 76' lang='grc' dir='ltr'><strong><em>ιιρατείτιο</em></strong></span> <span class='ocrx_word' id='word_1_200' title='bbox 733 3064 830 3136; x_wconf 80' lang='grc' dir='ltr'><strong><em>τόνδε</em></strong></span> <span class='ocrx_word' id='word_1_201' title='bbox 851 3065 909 3134; x_wconf 80' lang='grc' dir='ltr'><strong>τὸν</strong></span> <span class='ocrx_word' id='word_1_202' title='bbox 929 3063 1053 3154; x_wconf 73' lang='grc' dir='ltr'><strong><em>βραχύν</em></strong></span> <span class='ocrx_word' id='word_1_203' title='bbox 1072 3061 1187 3154; x_wconf 81' lang='grc' dir='ltr'><strong><em>χρόνον</em></strong></span> 
     </span>
    </p>

    <p class='ocr_par' dir='ltr' id='par_1_10' title="bbox 221 3162 1157 3339">
     <span class='ocr_line' id='line_1_27' title="bbox 409 3162 1157 3258; baseline -0.005 -21"><span class='ocrx_word' id='word_1_204' title='bbox 409 3165 504 3250; x_wconf 83' lang='grc' dir='ltr'><strong><em>ὅπως</em></strong></span> <span class='ocrx_word' id='word_1_205' title='bbox 522 3166 634 3238; x_wconf 76' lang='grc' dir='ltr'><strong><em>θέλει·</em></strong></span> <span class='ocrx_word' id='word_1_206' title='bbox 657 3167 758 3258; x_wconf 81' lang='grc' dir='ltr'><strong><em>δαρὸν</em></strong></span> <span class='ocrx_word' id='word_1_207' title='bbox 780 3167 841 3258; x_wconf 77' lang='grc' dir='ltr'><strong>γὰρ</strong></span> <span class='ocrx_word' id='word_1_208' title='bbox 860 3163 919 3237; x_wconf 76' lang='grc' dir='ltr'><strong>οὖν</strong></span> <span class='ocrx_word' id='word_1_209' title='bbox 938 3162 1032 3256; x_wconf 69' lang='grc' dir='ltr'><strong><em>ἄρξει</em></strong></span> <span class='ocrx_word' id='word_1_210' title='bbox 1053 3169 1157 3248; x_wconf 77' lang='grc' dir='ltr'><strong><em>θεοῖς.</em></strong></span> 
     </span>
     <span class='ocr_line' id='line_1_28' title="bbox 221 3274 389 3339; baseline 0 -1"><span class='ocrx_word' id='word_1_211' title='bbox 221 3284 251 3338; x_wconf 85' lang='lat' dir='ltr'><strong>et</strong></span> <span class='ocrx_word' id='word_1_212' title='bbox 264 3294 292 3338; x_wconf 85' lang='lat' dir='ltr'><strong>r.</strong></span> <span class='ocrx_word' id='word_1_213' title='bbox 309 3274 389 3339; x_wconf 74' lang='lat'><strong>958:</strong></span> 
     </span>
    </p>

    <p class='ocr_par' dir='ltr' id='par_1_11' title="bbox 407 3366 965 3459">
     <span class='ocr_line' id='line_1_29' title="bbox 407 3366 965 3459; baseline -0.004 -20"><span class='ocrx_word' id='word_1_214' title='bbox 407 3366 468 3439; x_wconf 79' lang='lat' dir='ltr'><strong>osis</strong></span> <span class='ocrx_word' id='word_1_215' title='bbox 489 3367 526 3440; x_wconf 75' lang='lat' dir='ltr'><strong>is</strong></span> <span class='ocrx_word' id='word_1_216' title='bbox 547 3371 651 3440; x_wconf 75' lang='grc' dir='ltr'><strong><em>τοῖνδε</em></strong></span> <span class='ocrx_word' id='word_1_217' title='bbox 674 3367 878 3458; x_wconf 72' lang='grc' dir='ltr'><strong>(περγάμων)</strong></span> <span class='ocrx_word' id='word_1_218' title='bbox 900 3368 965 3459; x_wconf 74' lang='grc' dir='ltr'><strong>ἐγώ</strong></span> 
     </span>
    </p>

    <p class='ocr_par' dir='ltr' id='par_1_12' title="bbox 408 3467 1156 3564">
     <span class='ocr_line' id='line_1_30' title="bbox 408 3467 1156 3564; baseline -0.005 -23"><span class='ocrx_word' id='word_1_219' title='bbox 408 3471 544 3555; x_wconf 79' lang='grc' dir='ltr'><strong><em>δισοοῦς</em></strong></span> <span class='ocrx_word' id='word_1_220' title='bbox 563 3470 737 3560; x_wconf 75' lang='grc' dir='ltr'><strong><em>τυράννους</em></strong></span> <span class='ocrx_word' id='word_1_221' title='bbox 758 3469 962 3554; x_wconf 73' lang='grc' dir='ltr'><strong><em>ἐκπεσόντας</em></strong></span> <span class='ocrx_word' id='word_1_222' title='bbox 982 3467 1156 3564; x_wconf 73' lang='grc' dir='ltr'><strong><em>ᾔοθόμρνς</em></strong></span> 
     </span>
    </p>

    <p class='ocr_par' dir='ltr' id='par_1_13' title="bbox 405 3567 1148 3664">
     <span class='ocr_line' id='line_1_31' title="bbox 405 3567 1148 3664; baseline -0.005 -22"><span class='ocrx_word' id='word_1_223' title='bbox 405 3571 473 3663; x_wconf 75' lang='lat' dir='ltr'><strong>epla</strong></span> <span class='ocrx_word' id='word_1_224' title='bbox 481 3600 518 3642; x_wconf 87' lang='grc' dir='ltr'><strong>ον</strong></span> <span class='ocrx_word' id='word_1_225' title='bbox 539 3572 577 3643; x_wconf 69' lang='grc' dir='ltr'><strong>δι’</strong></span> <span class='ocrx_word' id='word_1_226' title='bbox 598 3573 656 3645; x_wconf 79' lang='grc' dir='ltr'><strong>οόν</strong></span> <span class='ocrx_word' id='word_1_227' title='bbox 669 3575 724 3642; x_wconf 83' lang='grc' dir='ltr'><strong>νῦν</strong></span> <span class='ocrx_word' id='word_1_228' title='bbox 745 3567 946 3664; x_wconf 80' lang='grc' dir='ltr'><strong><em>κοιρανοῦντ’</em></strong></span> <span class='ocrx_word' id='word_1_229' title='bbox 968 3569 1148 3661; x_wconf 61' lang='lat' dir='ltr'><strong>iniquorum</strong></span> 
     </span>
    </p>

    <p class='ocr_par' dir='ltr' id='par_1_14' title="bbox 217 3673 1383 4485">
     <span class='ocr_line' id='line_1_32' title="bbox 408 3673 813 3764; baseline -0.005 -18"><span class='ocrx_word' id='word_1_230' title='bbox 408 3673 568 3764; x_wconf 78' lang='grc' dir='ltr'><strong><em>αἴοχιοτα</em></strong></span> <span class='ocrx_word' id='word_1_231' title='bbox 589 3677 648 3745; x_wconf 82' lang='grc' dir='ltr'><strong>καὶ</strong></span> <span class='ocrx_word' id='word_1_232' title='bbox 661 3673 813 3762; x_wconf 76' lang='grc' dir='ltr'><strong><em>τάχιοτα.</em></strong></span> 
     </span>
     <span class='ocr_line' id='line_1_33' title="bbox 218 3775 1383 3867; baseline -0.009 -18"><span class='ocrx_word' id='word_1_233' title='bbox 218 3786 296 3849; x_wconf 86' lang='lat' dir='ltr'><strong>llaee</strong></span> <span class='ocrx_word' id='word_1_234' title='bbox 317 3785 367 3867; x_wconf 91' lang='lat' dir='ltr'><strong>qui</strong></span> <span class='ocrx_word' id='word_1_235' title='bbox 392 3783 549 3860; x_wconf 79' lang='lat' dir='ltr'><strong>audiverit,</strong></span> <span class='ocrx_word' id='word_1_236' title='bbox 574 3802 675 3848; x_wconf 88' lang='lat' dir='ltr'><strong>nonne</strong></span> <span class='ocrx_word' id='word_1_237' title='bbox 694 3783 798 3849; x_wconf 90' lang='lat' dir='ltr'><strong>ooniioi</strong></span> <span class='ocrx_word' id='word_1_238' title='bbox 818 3783 926 3848; x_wconf 82' lang='lat' dir='ltr'><strong>debers</strong></span> <span class='ocrx_word' id='word_1_239' title='bbox 946 3782 1039 3856; x_wconf 86' lang='lat' dir='ltr'><strong>dicat,</strong></span> <span class='ocrx_word' id='word_1_240' title='bbox 1066 3781 1096 3844; x_wconf 94' lang='lat' dir='ltr'><strong>in</strong></span> <span class='ocrx_word' id='word_1_241' title='bbox 1119 3787 1269 3861; x_wconf 87' lang='lat' dir='ltr'><strong>postrema</strong></span> <span class='ocrx_word' id='word_1_242' title='bbox 1288 3775 1383 3840; x_wconf 86' lang='lat' dir='ltr'><strong>iahula</strong></span> 
     </span>
     <span class='ocr_line' id='line_1_34' title="bbox 218 3878 1382 3970; baseline -0.01 -17"><span class='ocrx_word' id='word_1_243' title='bbox 218 3889 315 3953; x_wconf 82' lang='lat' dir='ltr'><strong>lovem</strong></span> <span class='ocrx_word' id='word_1_244' title='bbox 335 3886 460 3970; x_wconf 88' lang='lat' dir='ltr'><strong>imperio</strong></span> <span class='ocrx_word' id='word_1_245' title='bbox 481 3897 616 3962; x_wconf 81' lang='lat' dir='ltr'><strong>exutum,</strong></span> <span class='ocrx_word' id='word_1_246' title='bbox 642 3886 854 3951; x_wconf 86' lang='lat' dir='ltr'><strong>Prometheum</strong></span> <span class='ocrx_word' id='word_1_247' title='bbox 874 3895 972 3950; x_wconf 88' lang='lat' dir='ltr'><strong>autem</strong></span> <span class='ocrx_word' id='word_1_248' title='bbox 992 3903 1009 3948; x_wconf 84' lang='lat' dir='ltr'><strong>a</strong></span> <span class='ocrx_word' id='word_1_249' title='bbox 1030 3881 1108 3946; x_wconf 83' lang='lat' dir='ltr'><strong>loris</strong></span> <span class='ocrx_word' id='word_1_250' title='bbox 1127 3880 1235 3944; x_wconf 87' lang='lat' dir='ltr'><strong>riotore</strong></span> <span class='ocrx_word' id='word_1_251' title='bbox 1259 3878 1382 3942; x_wconf 81' lang='lat' dir='ltr'><strong>vineolis</strong></span> 
     </span>
     <span class='ocr_line' id='line_1_35' title="bbox 217 3979 1382 4072; baseline -0.01 -18"><span class='ocrx_word' id='word_1_252' title='bbox 217 3991 348 4055; x_wconf 80' lang='lat' dir='ltr'><strong>solutum</strong></span> <span class='ocrx_word' id='word_1_253' title='bbox 362 3988 451 4054; x_wconf 76' lang='lat' dir='ltr'><strong>esse?</strong></span> <span class='ocrx_word' id='word_1_254' title='bbox 481 3993 527 4066; x_wconf 79' lang='lat' dir='ltr'><strong>lt,</strong></span> <span class='ocrx_word' id='word_1_255' title='bbox 543 3989 646 4072; x_wconf 86' lang='lat' dir='ltr'><strong>iuquit,</strong></span> <span class='ocrx_word' id='word_1_256' title='bbox 661 3997 774 4071; x_wconf 76' lang='lat' dir='ltr'><strong>pugnat</strong></span> <span class='ocrx_word' id='word_1_257' title='bbox 787 3988 846 4052; x_wconf 87' lang='lat' dir='ltr'><strong>hoc</strong></span> <span class='ocrx_word' id='word_1_258' title='bbox 862 4007 930 4052; x_wconf 82' lang='lat' dir='ltr'><strong>mm</strong></span> <span class='ocrx_word' id='word_1_259' title='bbox 945 3985 1009 4050; x_wconf 92' lang='lat' dir='ltr'><strong>aliis</strong></span> <span class='ocrx_word' id='word_1_260' title='bbox 1025 3979 1192 4047; x_wconf 88' lang='lat' dir='ltr'><strong>Promethei</strong></span> <span class='ocrx_word' id='word_1_261' title='bbox 1206 3979 1382 4063; x_wconf 79' lang='lat' dir='ltr'><strong>praedictio-</strong></span> 
     </span>
     <span class='ocr_line' id='line_1_36' title="bbox 218 4084 1383 4178; baseline -0.007 -21"><span class='ocrx_word' id='word_1_262' title='bbox 218 4094 320 4170; x_wconf 84' lang='lat' dir='ltr'><strong>nibus,</strong></span> <span class='ocrx_word' id='word_1_263' title='bbox 333 4104 364 4157; x_wconf 81' lang='lat' dir='ltr'><strong>et</strong></span> <span class='ocrx_word' id='word_1_264' title='bbox 382 4091 492 4158; x_wconf 83' lang='grc' dir='ltr'><strong><em>ιοίοιοε</em></strong></span> <span class='ocrx_word' id='word_1_265' title='bbox 512 4101 664 4178; x_wconf 77' lang='lat' dir='ltr'><strong>praeterea</strong></span> <span class='ocrx_word' id='word_1_266' title='bbox 683 4109 744 4155; x_wconf 90' lang='lat' dir='ltr'><strong>non</strong></span> <span class='ocrx_word' id='word_1_267' title='bbox 764 4089 909 4155; x_wconf 79' lang='lat' dir='ltr'><strong>evenisse</strong></span> <span class='ocrx_word' id='word_1_268' title='bbox 938 4089 1017 4152; x_wconf 82' lang='lat' dir='ltr'><strong>Sene</strong></span> <span class='ocrx_word' id='word_1_269' title='bbox 1031 4102 1093 4149; x_wconf 90' lang='lat' dir='ltr'><strong>uon</strong></span> <span class='ocrx_word' id='word_1_270' title='bbox 1108 4084 1213 4162; x_wconf 83' lang='lat' dir='ltr'><strong>evenit,</strong></span> <span class='ocrx_word' id='word_1_271' title='bbox 1227 4094 1257 4148; x_wconf 85' lang='lat' dir='ltr'><strong>et</strong></span> <span class='ocrx_word' id='word_1_272' title='bbox 1271 4090 1383 4168; x_wconf 72' lang='lat' dir='ltr'><strong>pugnat</strong></span> 
     </span>
     <span class='ocr_line' id='line_1_37' title="bbox 218 4188 1383 4280; baseline -0.009 -20"><span class='ocrx_word' id='word_1_273' title='bbox 218 4215 287 4260; x_wconf 81' lang='lat' dir='ltr'><strong>mne</strong></span> <span class='ocrx_word' id='word_1_274' title='bbox 308 4195 385 4260; x_wconf 76' lang='lat' dir='ltr'><strong>aliisa</strong></span> <span class='ocrx_word' id='word_1_275' title='bbox 410 4214 511 4260; x_wconf 83' lang='lat' dir='ltr'><strong>serum</strong></span> <span class='ocrx_word' id='word_1_276' title='bbox 531 4215 606 4280; x_wconf 86' lang='lat' dir='ltr'><strong>quse</strong></span> <span class='ocrx_word' id='word_1_277' title='bbox 626 4213 716 4262; x_wconf 79' lang='lat' dir='ltr'><strong>rama</strong></span> <span class='ocrx_word' id='word_1_278' title='bbox 735 4193 791 4258; x_wconf 88' lang='lat' dir='ltr'><strong>luit</strong></span> <span class='ocrx_word' id='word_1_279' title='bbox 804 4191 962 4276; x_wconf 74' lang='lat' dir='ltr'><strong>Aeschylo,</strong></span> <span class='ocrx_word' id='word_1_280' title='bbox 976 4188 1194 4274; x_wconf 86' lang='lat' dir='ltr'><strong>sapientissimo</strong></span> <span class='ocrx_word' id='word_1_281' title='bbox 1216 4197 1330 4271; x_wconf 86' lang='lat' dir='ltr'><strong>poetae,</strong></span> <span class='ocrx_word' id='word_1_282' title='bbox 1349 4196 1383 4251; x_wconf 86' lang='lat' dir='ltr'><strong>ut</strong></span> 
     </span>
     <span class='ocr_line' id='line_1_38' title="bbox 219 4297 1382 4364; baseline -0.009 -2"><span class='ocrx_word' id='word_1_283' title='bbox 219 4297 284 4362; x_wconf 89' lang='lat' dir='ltr'><strong>talia</strong></span> <span class='ocrx_word' id='word_1_284' title='bbox 307 4306 403 4362; x_wconf 84' lang='lat' dir='ltr'><strong>tamen</strong></span> <span class='ocrx_word' id='word_1_285' title='bbox 424 4297 634 4364; x_wconf 83' lang='lat' dir='ltr'><strong>Prometheum</strong></span> <span class='ocrx_word' id='word_1_286' title='bbox 656 4299 813 4364; x_wconf 81' lang='lat' dir='ltr'><strong>iactantem</strong></span> <span class='ocrx_word' id='word_1_287' title='bbox 833 4297 941 4361; x_wconf 82' lang='lat' dir='ltr'><strong>teneret</strong></span> <span class='ocrx_word' id='word_1_288' title='bbox 959 4303 989 4360; x_wconf 89' lang='lat' dir='ltr'><strong>st</strong></span> <span class='ocrx_word' id='word_1_289' title='bbox 1014 4311 1080 4358; x_wconf 86' lang='lat' dir='ltr'><strong>cum</strong></span> <span class='ocrx_word' id='word_1_290' title='bbox 1106 4300 1211 4358; x_wconf 78' lang='lat' dir='ltr'><strong>eventu</strong></span> <span class='ocrx_word' id='word_1_291' title='bbox 1232 4309 1333 4354; x_wconf 89' lang='lat' dir='ltr'><strong>rerum</strong></span> <span class='ocrx_word' id='word_1_292' title='bbox 1352 4297 1382 4353; x_wconf 88' lang='lat' dir='ltr'><strong>st</strong></span> 
     </span>
     <span class='ocr_line' id='line_1_39' title="bbox 218 4391 1381 4485; baseline -0.005 -22"><span class='ocrx_word' id='word_1_293' title='bbox 218 4399 283 4482; x_wconf 88' lang='lat' dir='ltr'><strong>ipsa</strong></span> <span class='ocrx_word' id='word_1_294' title='bbox 297 4397 375 4464; x_wconf 87' lang='lat' dir='ltr'><strong>inter</strong></span> <span class='ocrx_word' id='word_1_295' title='bbox 384 4421 418 4464; x_wconf 86' lang='lat' dir='ltr'><strong>se</strong></span> <span class='ocrx_word' id='word_1_296' title='bbox 431 4401 605 4485; x_wconf 71' lang='lat' dir='ltr'><strong>pugnantia,</strong></span> <span class='ocrx_word' id='word_1_297' title='bbox 622 4403 680 4468; x_wconf 94' lang='lat' dir='ltr'><strong>nisi</strong></span> <span class='ocrx_word' id='word_1_298' title='bbox 694 4412 729 4468; x_wconf 87' lang='lat' dir='ltr'><strong>ut</strong></span> <span class='ocrx_word' id='word_1_299' title='bbox 741 4419 780 4466; x_wconf 91' lang='lat' dir='ltr'><strong>ns</strong></span> <span class='ocrx_word' id='word_1_300' title='bbox 793 4399 883 4465; x_wconf 89' lang='lat' dir='ltr'><strong>nimis</strong></span> <span class='ocrx_word' id='word_1_301' title='bbox 898 4397 964 4463; x_wconf 80' lang='lat' dir='ltr'><strong>fidoi</strong></span> <span class='ocrx_word' id='word_1_302' title='bbox 978 4395 1044 4462; x_wconf 90' lang='lat' dir='ltr'><strong>istis</strong></span> <span class='ocrx_word' id='word_1_303' title='bbox 1057 4391 1306 4480; x_wconf 75' lang='lat' dir='ltr'><strong>praedictionibus</strong></span> <span class='ocrx_word' id='word_1_304' title='bbox 1325 4391 1381 4456; x_wconf 89' lang='lat' dir='ltr'><strong>ha-</strong></span> 
     </span>
    </p>
   </div>
   <div class='ocr_carea' id='block_1_3' title="bbox 0 0 1544 4954">
    <p class='ocr_par' dir='ltr' id='par_1_15' title="bbox 0 0 1544 4954">
     <span class='ocr_line' id='line_1_40' title="bbox 0 0 1544 4954; baseline 0 0"><span class='ocrx_word' id='word_1_305' title='bbox 0 0 1544 4954; x_wconf 95' lang='lat' dir='ltr'><strong> </strong></span> 
     </span>
    </p>
   </div>
  </div>
 </body>
</html>
