3078 4954
396 1569 633 1668 iililllGIAE
653 1568 777 1666 lovis
799 1567 1056 1666 luscium.

230 1861 313 1951 iluaa
333 1873 428 1938 tribus
448 1874 555 1939 abhinc
579 1873 665 1938 annis
684 1875 721 1938 de
741 1875 872 1958 Aeschyli
893 1875 1072 1940 Prometheo
1090 1887 1341 1941 commentatnsa

145 1997 222 2054 sum,
238 1978 320 2042 lacile
335 1977 371 2041 iis
386 1977 504 2062 quidem
521 1977 660 2044 omnibus
671 1977 829 2060 probatum
843 1978 879 2042 iri
893 1979 1056 2060 sperabam.
1070 1979 1121 2063 qui
1131 1979 1224 2044 libero
1238 1999 1310 2044 neo-

145 2083 217 2146 dum
243 2090 387 2164 occupato
413 2081 535 2146 dirersis
559 2081 752 2164 opinionibus
776 2081 875 2145 animo
900 2081 1108 2165 disputationis
1132 2085 1311 2147 menesium

145 2195 254 2250 attente
269 2183 407 2268 persequi
422 2183 630 2267 rationumque
651 2193 802 2250 momenta
817 2204 852 2248 ex
872 2203 966 2268 aequo
982 2186 1145 2268 ponderare
1159 2187 1313 2252 vellemne

146 2299 285 2374 possenq
304 2287 354 2372 qui
374 2299 473 2354 autern
493 2288 550 2354 iam
570 2298 654 2353 antea
675 2287 711 2351 de
731 2288 842 2353 fabulae
861 2287 937 2367 illios
956 2299 1130 2371 argumento
1144 2300 1173 2354 et
1187 2291 1312 2356 consilio

146 2393 229 2458 aliter
243 2411 343 2458 secum
359 2391 544 2469 statuissent,
565 2393 622 2456 hos
638 2390 841 2475 praevidebam
855 2391 1073 2476 profitebarquo
1086 2394 1183 2476 paullo
1198 2394 1314 2478 aegrius

146 2497 220 2561 milri
239 2515 416 2562 assensuros
434 2515 514 2573 esse,
537 2515 599 2560 non
623 2515 683 2578 quo
704 2515 758 2559 eos
784 2515 890 2560 omnes
909 2496 1037 2561 ueritatis
1062 2498 1161 2562 minus
1180 2509 1314 2563 amantes

147 2620 212 2664 esse
228 2601 394 2674 crederem.
419 2601 471 2664 sed
492 2600 647 2684 qnoniam,
672 2617 763 2682 quum
785 2601 874 2664 semel
896 2599 1003 2682 aliquid
1024 2619 1079 2683 pro
1098 2619 1169 2665 aero
1187 2602 1314 2686 amplexi

84 2783 88 2794 ¹
147 2722 262 2780 snmus,
277 2703 342 2787 ipse
356 2712 460 2766 noster
473 2703 599 2768 veritatis
614 2721 699 2767 antor
714 2703 924 2786 impedimento
939 2723 1006 2768 esse
1020 2714 1133 2787 potest,
1153 2707 1314 2788 quominus

148 2808 274 2884 seriora,
299 2807 352 2872 sed
374 2805 426 2882 iis,
451 2825 525 2890 quae
549 2807 646 2871 adlruc
664 2825 732 2871 vera
753 2805 840 2870 noltis
861 2807 920 2872 risa
940 2816 1023 2880 sunt,
1045 2807 1195 2874 rlissimilia
1219 2829 1314 2892 aerque

149 2912 249 2977 animo
265 2910 453 2994 accipiamus.
497 2909 588 2993 ldque
603 2919 686 2976 tanto
702 2909 813 2975 lucilius
829 2911 960 2976 accidere
979 2912 1065 2976 etiam
1081 2913 1195 2995 optimo
1211 2914 1316 2998 cuique

149 3015 235 3091 solet,
250 3033 310 3098 equo
325 3013 419 3096 magis
434 3033 509 3079 nova
523 3023 554 3078 et
567 3014 603 3078 alr
619 3015 663 3092 iis,
677 3033 751 3098 quae
766 3013 830 3096 ipse
845 3015 900 3079 sibi
916 3026 1111 3097 persuaserat,
1125 3017 1315 3082 abhorrentia

150 3117 275 3203 proferri
290 3117 381 3194 videt,
400 3117 459 3182 hoo
476 3117 648 3202 praesertim
665 3127 807 3200 tempore,
823 3137 883 3202 quo
898 3119 982 3183 multi
1001 3119 1094 3184 nimio
1113 3121 1244 3202 quodam
1258 3141 1316 3186 no·

150 3221 246 3288 ritatis
261 3221 361 3287 studio
376 3220 491 3307 abrepti
511 3221 658 3288 leuissima
677 3240 765 3305 saepe
784 3233 952 3288 commenta
968 3223 1091 3288 tidenter
1109 3232 1219 3290 tunsos
1234 3225 1318 3290 iacti·

151 3337 222 3404 tant.
237 3345 294 3394 nec
308 3327 417 3395 desunt
429 3326 534 3404 etiam,
555 3327 604 3411 qui
626 3345 687 3394 non
703 3335 762 3394 unt
777 3327 857 3412 equod
878 3326 951 3412 ipsis
966 3347 1142 3414 ptersuosum
1158 3329 1212 3406 sit,
1231 3349 1320 3415 quam

150 3433 231 3517 quod
247 3441 362 3517 gratum
378 3441 430 3499 aut
444 3433 530 3517 vulgo
545 3444 597 3500 aut
610 3431 827 3519 potentioribus
843 3435 906 3499 iore
921 3432 1097 3511 existiment,
1111 3453 1183 3520 prae
1197 3457 1231 3501 se
1245 3437 1323 3502 term

150 3536 311 3601 videantur.
343 3537 425 3602 llanc
446 3536 486 3602 ol)
507 3557 627 3604 causant
650 3555 712 3602 non
735 3537 857 3603 miratus
881 3558 964 3616 sum,
984 3539 1015 3604 in
1036 3539 1088 3614 iis,
1112 3540 1163 3622 qui
1185 3561 1270 3607 meae
1288 3542 1324 3606 de

9 3645 11 3650 '
149 3638 293 3724 Aeschylo
314 3640 507 3723 disputationi
526 3641 768 3726 obloquerentur,
787 3643 876 3706 etiam
895 3641 1098 3709 Godolredum
1118 3645 1323 3710 llermannuoa

150 3743 281 3807 extitisse
293 3745 336 3821 ¹),
355 3741 451 3807 virum
467 3743 613 3825 optimum
628 3743 813 3826 veritatisque
827 3745 1074 3822 amentissimum,
1094 3748 1147 3810 sed
1162 3747 1213 3830 qui
1228 3765 1322 3830 quum

151 3845 233 3910 aliter
252 3845 365 3910 dudum
386 3845 422 3909 de
441 3845 575 3928 Aeschyli
600 3844 747 3928 tragoedia
767 3845 947 3923 iudicaverit,
971 3857 1034 3913 tum
1055 3849 1163 3913 iudicio
1184 3869 1239 3914 suo
1259 3868 1323 3915 non

152 3947 218 4011 sine
232 3967 321 4012 causa
335 3943 497 4030 plurimum
518 3949 666 4013 confidere
686 3948 791 4012 solitus
806 3948 854 4024 sit,
870 3968 926 4012 nec
945 3950 1028 4014 laeile
1047 3951 1188 4016 mundat
1201 3951 1323 4042 dissen-

152 4048 301 4126 tientibus,
315 4060 474 4115 meantem
489 4070 633 4135 meosque
645 4069 745 4116 mores
760 4050 889 4132 ignoret,
909 4060 943 4114 ut
961 4052 1076 4119 licuerit
1093 4056 1220 4120 fortasse
1233 4055 1323 4122 dubi·

152 4161 229 4224 tare.
249 4151 279 4216 id
300 4152 382 4234 quod
401 4153 485 4219 initio
500 4154 715 4220 dissertationis
730 4173 802 4219 suae
816 4153 972 4236 significat,
986 4175 1022 4222 ea
1040 4157 1180 4223 animone
1193 4178 1232 4224 an
1246 4179 1324 4226 eon·

153 4253 259 4321 stultius
279 4265 361 4320 ratus
381 4253 438 4320 ista
458 4255 637 4343 scripserim.
681 4257 710 4324 ls
733 4267 778 4324 eet
796 4257 997 4338 ilermannus,
1021 4261 1069 4328 cui
1086 4280 1136 4328 me
1154 4263 1325 4332 mnndum

225 4483 248 4548 l)
266 4481 294 4539 ia
306 4484 535 4540 inuentionis
547 4483 736 4542 Prometheo
748 4488 1046 4560 Aeeetptesupea.
1060 4489 1222 4548 iiimsdih.
