3106 4958
626 459 828 562 ...3³.⁷....-..

148 631 252 715 potnit,
266 631 318 697 sed
334 641 447 697 tantum
463 652 538 717 quae
548 632 585 697 ad
600 649 694 696 unum
706 639 823 714 tempus
837 646 886 698 aut
900 635 936 699 ad
950 653 1042 700 onum
1054 637 1204 702 hominem
1217 642 1307 723 perri-

145 744 264 811 nerent3
289 746 391 800 contra
411 733 533 823 πρᾶξιν
552 728 634 817 μιάν
655 733 766 798 ποιεῖν
783 736 909 818 legitima
929 747 958 801 et
976 739 1080 802 usitata
1099 742 1232 823 loquutio
1252 756 1307 808 est.

29 893 30 896 ,
145 839 205 900 lam
222 838 252 901 in
267 839 411 921 proximis
426 838 531 914 rerhis,
546 825 616 902 οἷον
637 827 657 900 ci
670 831 713 900 τά
728 831 867 921 Κύπρια
882 834 1031 926 ποιήσας
1045 837 1101 904 καὶ
1115 840 1174 928 τὴν
1185 842 1309 927 μικράν

111 998 113 1004 s
143 933 284 1020 Ἰλιάδα,
310 941 474 1004 accuratius
499 939 637 1004 scribenti
663 939 800 1003 articulus
824 932 843 1004 ὁ
865 953 932 1006 ante
956 939 1017 1028 τήν
1041 941 1162 1028 μικράν
1180 939 1309 1012 Ἰλιάδα

117 1065 120 1074 ·
145 1044 295 1106 addendus
312 1044 373 1116 luit,
389 1063 426 1105 nc
440 1062 518 1106 unrrs
534 1043 687 1124 ntrinsque
697 1043 835 1106 camrinis
847 1056 933 1125 poeta
945 1045 1001 1108 dici
1013 1046 1171 1120 videretur;
1185 1051 1238 1112 sed
1250 1053 1309 1114 hoc

146 1165 239 1225 gertus
256 1144 445 1226 negligentiae
460 1145 488 1208 in
504 1146 562 1208 lroc
576 1144 670 1207 libello
686 1145 829 1226 patienter
843 1146 1025 1209 tolerandum
1038 1158 1093 1210 est.
1118 1136 1200 1212 Οἷον
1210 1162 1307 1215 autent

146 1258 269 1331 apparet
290 1265 351 1310 non
372 1248 428 1310 alio
443 1247 600 1329 pertinere,
623 1266 710 1328 «piram
731 1247 767 1308 ad
786 1241 868 1326 piac
888 1245 1013 1332 πρᾶξιν
1033 1245 1217 1336 conlapsae:
1239 1273 1306 1317 nam

147 1369 208 1414 rron
229 1349 304 1414 circa
326 1368 419 1413 unum
440 1349 590 1412 lrominem
613 1350 686 1412 lraec
705 1349 833 1413 earinina
855 1361 967 1414 versata
993 1371 1060 1414 esse
1072 1365 1208 1426 constat,
1231 1355 1306 1418 circa

145 1473 238 1516 rrnrnn
254 1461 373 1534 tempus
388 1462 485 1516 autem
502 1471 562 1516 non
585 1461 664 1514 certo
682 1451 726 1514 sic
745 1462 858 1515 rersata
878 1464 956 1528 sune
974 1465 1007 1518 ut
1026 1477 1100 1538 qrrne
1119 1477 1154 1520 eo
1173 1467 1308 1539 ternpore

145 1565 226 1637 gesta
241 1567 348 1626 essent.
364 1555 496 1637 quamvis
511 1556 602 1620 aliona
618 1555 693 1618 inter
707 1567 778 1617 sect
792 1555 946 1631 disiuncta,
963 1559 1061 1622 onmia
1076 1562 1307 1642 complecteren-

147 1671 207 1732 tur,
222 1660 273 1722 sed
288 1679 321 1722 eo
337 1660 557 1734 tantummodo,
577 1678 650 1740 quac
665 1659 700 1721 od
716 1657 822 1721 ltellnm
839 1659 1000 1723 Troianum
1016 1663 1203 1743 pertinerent.
1222 1663 1307 1727 ories

147 1763 176 1826 in
196 1783 283 1845 parm
302 1763 388 1826 Iliade
406 1763 529 1835 exitum,
543 1763 573 1825 in
593 1762 706 1845 Cyrenis
728 1781 832 1824 causas
857 1775 944 1844 atque
963 1765 1042 1828 initia
1063 1769 1214 1848 proposita
1241 1787 1307 1830 esse

149 1867 295 1928 irretimus.
330 1869 471 1947 Apertum
486 1878 531 1928 est
550 1865 650 1945 igitur,
670 1866 729 1926 lroc.
744 1883 834 1927 tinum
850 1885 930 1928 nunc
942 1867 979 1929 ab
995 1868 1147 1932 Aristotele
1163 1871 1191 1932 in
1208 1870 1243 1932 iis
1259 1891 1306 1932 re·

148 2073 227 2153 qrtod
243 2072 405 2134 llomerum
427 2071 539 2136 cavisse
554 2069 639 2144 dixit,
654 2089 692 2131 ne
707 2069 845 2141 earmina,
861 2069 886 2132 si
902 2089 961 2132 non
978 2071 1056 2134 insto
1070 2073 1211 2152 longiore.
1231 2087 1308 2136 certe

148 2185 246 2237 tamen
262 2183 384 2256 propter
398 2173 518 2237 nimiam
534 2192 634 2236 rerum
648 2172 864 2235 multitudinem
880 2192 914 2234 ac
934 2175 1100 2237 varietatem
1120 2177 1263 2258 implicata
1278 2189 1307 2239 et

148 2277 289 2350 intricata,
307 2273 350 2362 τῇ
372 2267 528 2362 ποικιλίᾳ
550 2267 858 2356 καταοεπλεγμὲια,
881 2260 1044 2340 eraderent.
1088 2279 1205 2341 Scilicet
1222 2279 1308 2342 lrabet

147 2381 221 2444 haec
235 2399 283 2442 res
303 2378 390 2443 etiam
412 2379 441 2442 in
461 2379 544 2460 epico
565 2378 694 2441 canitiae
715 2378 836 2440 modurn
852 2397 939 2442 strum
959 2399 993 2441 ac
1008 2383 1091 2443 tides.
1130 2381 1220 2444 lllrdto
1239 2383 1307 2464 plns

147 2483 265 2566 cpddem
292 2484 350 2546 lroc
370 2482 399 2544 in
419 2500 524 2560 genere
549 2482 639 2564 epicis
665 2501 752 2563 apuam
780 2481 896 2561 tragicis
918 2481 1015 2563 poetis
1041 2503 1215 2548 concessum
1242 2507 1308 2548 esse

148 2587 317 2648 Aristoteles
333 2583 395 2665 ipse
409 2584 494 2646 docet
505 2605 568 2665 capr.
584 2584 634 2658 24,
648 2584 757 2664 quippe
772 2603 863 2665 ‹puum
876 2584 905 2646 in
918 2587 1073 2665 tragoedia,
1086 2607 1159 2669 qrrae
1169 2589 1206 2651 ad
1218 2608 1305 2669 spec-
1325 2615 1356 2668 12

148 2688 267 2750 tandum
283 2695 450 2768 comparata
465 2695 517 2762 est,
532 2702 593 2747 non
609 2685 726 2766 possint
741 2685 827 2748 nnius
842 2687 965 2749 actionis
980 2697 1077 2769 partes
1092 2691 1191 2770 plures
1202 2691 1306 2752 eodem

148 2800 281 2870 tempore
300 2799 400 2870 gestae
419 2787 505 2850 simrd
525 2787 671 2869 proponi,
685 2787 714 2849 in
730 2787 813 2868 epico
828 2798 925 2851 autem
941 2791 1081 2862 carmine,
1096 2790 1162 2872 cruia
1179 2793 1306 2854 namatio

28 2912 31 2918 ·
148 2904 203 2966 est,
220 2892 291 2954 nihil
307 2891 413 2963 obstet,
427 2891 585 2971 quominus
602 2889 746 2952 eiusmodi
762 2899 858 2970 partes
868 2891 973 2971 'plores
987 2893 1126 2974 deinceps
1143 2905 1307 2957 narrentur.

148 2994 211 3058 Erit
231 3004 343 3066 tamem
364 3002 396 3056 ut
409 2993 551 3064 arleitmr,
570 2991 618 3054 liic
637 2992 744 3054 modus
764 2991 980 3066 observandos,
1002 3014 1039 3056 no
1054 2995 1181 3076 partium
1201 2998 1307 3059 lterum

150 3097 335 3160 multitudine
350 3095 443 3158 lalrule
459 3103 599 3157 oneretur
612 3105 698 3175 atque
714 3093 873 3168 intricetur,
886 3113 959 3155 itere
971 3096 1061 3158 totius
1076 3097 1200 3159 actionis
1212 3100 1308 3161 imitas

149 3199 324 3262 obscuretur
342 3197 547 3281 potiusquam
563 3196 736 3260 illustretur:
759 3195 872 3270 etheo,
888 3197 944 3258 nisi
961 3198 1051 3272 tollor,
1071 3200 1140 3262 illud
1155 3211 1214 3272 est,
1230 3201 1309 3280 quod

149 3302 320 3366 Aristoteles
340 3302 378 3365 ab
393 3299 490 3364 iliadis
510 3317 614 3382 parrae
635 3309 663 3362 et
682 3298 855 3381 Cypriorum
876 3299 1044 3363 auctoribus
1064 3301 1162 3365 mines
1183 3313 1312 3378 mutum,

149 3407 186 3470 ab
202 3407 329 3468 llomero
345 3414 443 3469 autem
458 3403 643 3467 observatum
659 3421 725 3464 esse
736 3401 790 3464 ait:
805 3403 885 3483 quod
897 3421 957 3484 quo
969 3405 1061 3484 magis
1072 3415 1206 3486 apertum
1218 3407 1313 3480 laciat,

151 3509 249 3572 statim
264 3507 357 3571 addit:
370 3501 546 3592 τοιγαροῦν
567 3499 604 3568 ἐκ
624 3500 685 3586 μὲν
702 3495 843 3580 Ἰλιάδος
864 3501 922 3568 καὶ
940 3497 1134 3584 Ὀάιασειάς
1153 3500 1217 3590 μία
1232 3529 1312 3592 τρα-

151 3602 259 3697 pcpdr'o
280 3607 432 3672 ποιεῖται
453 3600 610 3690 ἑκατέρας
629 3597 652 3692 ἢ
674 3601 735 3670 tto
754 3601 865 3688 μόναι,
886 3600 923 3670 ἐκ
946 3602 983 3670 δὲ
1007 3599 1167 3691 Κοπριίαν
1189 3605 1312 3673 πολλοὶ

151 3705 208 3796 καὶ
234 3705 294 3795 τῆς
317 3705 439 3792 μικρᾶς
457 3699 596 3785 ’Iliados
617 3703 719 3772 πλέον
740 3699 842 3784 ὄντα,
864 3694 1084 3774 οἶονὍπλιον
1105 3703 1222 3795 κρίσις,
1246 3715 1312 3777 Φι-

151 3807 319 3899 λοκτήτης,
342 3804 586 3892 Νεοπτόλεμος,
601 3801 804 3893 Εὐρύπυλος,
819 3802 985 3889 arrepta,
1001 3806 1189 3890 Λάκαιναι,
1209 3805 1311 3880 Ἰλιόο

151 3909 270 4001 πέροις
289 3907 348 3978 καὶ
371 3904 566 3990 >indul-occ
586 3905 644 3975 καὶ
665 3902 770 3974 Σίνων
791 3905 849 3974 καὶ
875 3904 1039 3995 Τρῳάδες.
1083 3917 1213 3995 Apparet
1232 3914 1311 3980 enirn

152 4021 259 4082 horum
278 4016 436 4080 verborum
457 4017 487 4081 in
506 4017 565 4080 hoc
583 4023 721 4079 contextu
739 4032 801 4076 non
820 4013 904 4077 aliam
926 4015 1100 4078 senentiam
1120 4035 1186 4080 esee
1211 4038 1313 4100 posse,

152 4140 240 4204 quam
254 4129 287 4184 ut
301 4119 399 4182 Iliadis
413 4129 443 4182 et
457 4119 604 4202 Odysseae
618 4127 716 4199 partes
732 4137 790 4191 eae,
804 4117 911 4198 quilius
927 4115 990 4198 ipsa
1005 4117 1158 4200 utriusque
1172 4120 1313 4185 carminis

153 4223 228 4286 actio
243 4220 419 4296 continetur,
433 4221 522 4286 onius
536 4229 651 4284 tantum
665 4229 717 4283 aut
730 4219 853 4282 duarum
869 4218 898 4281 n.
914 4237 939 4280 e.
959 4236 1174 4298 pemaucarum
1196 4232 1313 4304 tragoe-

153 4324 267 4387 diarum
282 4330 451 4402 argumenta
466 4321 573 4385 habere
588 4321 730 4394 dicantur,
745 4319 918 4402 Cypriomm
933 4327 1037 4382 contm
1051 4331 1081 4383 et
1094 4340 1201 4402 parcae
1215 4323 1314 4389 iliadis

154 4425 252 4488 danes
278 4421 410 4487 eiusdem
430 4422 547 4504 genens
565 4431 626 4486 tam
644 4421 750 4486 multm
769 4439 850 4493 esee,
869 4431 902 4482 ot
920 4429 990 4484 octo
1010 4422 1136 4504 amplius
1157 4427 1314 4506 tragoediis

41 1990 43 1995 ·
149 1969 300 2051 prrdrendi,
315 1970 395 2050 quod
411 1964 533 2052 πρᾶξιν
554 1963 759 2050 πολυμερῆ
773 1969 972 2042 tractaverint,
998 1989 1092 2052 neque
1112 1971 1262 2034 ritarerint
1277 1973 1305 2034 id

1543 3791 1545 3856 l
