3106 4958
234 1567 295 1661 nt:
320 1567 607 1664 dliISTO'iiiiiS
631 1567 834 1664 tunsum
857 1567 1097 1664 tammus
1119 1566 1354 1665 EPIOORUM.

178 1887 195 1938 ³
301 1859 389 1950 iluud
402 1872 473 1936 oiim
489 1873 522 1937 F.
535 1875 567 1938 d.
579 1873 703 1939 Woitius
718 1873 928 1957 pronuntiavit,
942 1873 1057 1955 Proleg.
1072 1873 1108 1937 ad
1120 1874 1207 1936 lietu.
1224 1893 1253 1956 p.
1270 1871 1379 1948 CXXV,

211 1995 280 2040 sero
292 1975 420 2040 Graecos
435 1975 574 2039 didicisse
583 1976 612 2040 in
623 1977 706 2060 poesi
717 1988 811 2042 toturn
825 1997 947 2060 ponere,
962 1979 1021 2041 hoc
1033 1978 1131 2040 minus
1141 1987 1246 2040 rsctca
1259 1995 1378 2040 autunto

211 2079 314 2143 critico
330 2079 487 2142 iudicatum
503 2099 568 2142 esse
583 2079 670 2143 laodic
685 2081 802 2161 quidem
818 2080 896 2162 apud
912 2082 1075 2163 permultos
1091 2081 1161 2144 satis
1177 2080 1291 2143 videtur
1306 2096 1379 2141 cun·

212 2193 301 2246 stare.
326 2182 458 2264 Namque
473 2183 640 2246 iiisscuium
657 2183 755 2265 potius
770 2185 949 2247 audiendum
963 2203 1029 2246 esse
1045 2195 1177 2256 censent,
1192 2181 1379 2266 qui,1‘roieg.

213 2287 249 2350 ad
265 2285 350 2350 Pind.
365 2305 394 2369 p.
411 2285 563 2360 tnxxtx,
578 2285 650 2350 nihii
666 2287 796 2350 Graecos
811 2287 904 2369 magis
920 2307 935 2350 a
951 2287 1096 2370 principio
1111 2290 1141 2351 in
1156 2287 1263 2350 artium
1280 2284 1379 2367 operi·

213 2389 270 2454 nus
284 2401 313 2454 et
326 2389 444 2472 scriptis
459 2397 603 2471 sequutus
617 2409 684 2452 esso
698 2391 832 2464 adirmat,
846 2409 934 2473 quam
950 2391 1017 2453 iliud
1034 2391 1144 2472 ipsum,
1159 2390 1238 2472 quod
1255 2388 1380 2452 Weistus

213 2515 267 2559 eos
287 2513 355 2558 sero
374 2491 513 2556 didicisse
528 2491 634 2567 voluit,
653 2511 708 2556 nec
721 2493 810 2556 ullam
826 2504 941 2576 gentem
957 2494 1061 2567 fuisso,
1077 2513 1151 2576 quac
1166 2491 1381 2574 ingeniosiorcs

214 2595 419 2681 excogitaverit
433 2595 675 2678 compositiones.
706 2595 780 2670 Quis
795 2606 891 2660 autem
907 2597 1031 2679 ignorat,
1046 2606 1156 2678 quanto
1171 2596 1269 2660 studio
1286 2613 1381 2676 quan·

213 2712 301 2784 taque
319 2700 508 2765 contentione
525 2699 613 2762 etiam
628 2698 773 2772 Homero,
794 2707 947 2781 poetarum
968 2699 1189 2780 antiquissimo,
1209 2700 1284 2763 itanc
1299 2699 1380 2780 ingu-

214 2805 316 2868 niosae
333 2802 560 2886 compositionis
575 2802 689 2865 laudem
705 2801 885 2866 recentiores
901 2801 993 2866 critici
1008 2800 1238 2866 vindicaverint?
1267 2804 1380 2877 Quant-

214 2927 301 2990 cpuam
322 2927 359 2970 ne
375 2905 497 2969 ii'oldus
517 2903 635 2987 quidem
655 2905 691 2968 ab
716 2905 804 2969 iliade
823 2915 852 2969 ct
870 2905 1014 2987 Odyssea,
1039 2905 1142 2987 quales
1166 2905 1255 2969 laodic
1275 2915 1381 2981 extum,

214 3011 341 3075 sollertis
356 3017 520 3074 structurae
533 3008 650 3071 laudem
666 3009 851 3072 abiudicavit:
871 3027 931 3072 non
949 3018 1047 3072 tanuen
1067 3008 1155 3071 veteri
1170 3008 1301 3072 iinmero
1316 3027 1380 3072 carn

216 3112 400 3175 tribuendam
415 3131 481 3172 esse
496 3109 619 3182 consuit,
634 3111 686 3174 sed
701 3111 860 3192 posteriori
880 3111 994 3175 cuidant
1010 3129 1081 3174 aevo
1103 3110 1233 3192 politiori
1252 3112 1381 3176 artibus·

216 3233 273 3296 «pue
291 3211 514 3286 airundantiori,
533 3231 624 3294 quum
648 3213 883 3277 animadversum
904 3221 995 3289 esset,
1014 3232 1088 3295 quac
1108 3213 1179 3276 alirn
1198 3232 1333 3277 seorsum
1353 3224 1383 3276 et

216 3317 294 3379 uuila
308 3316 491 3398 spectatione
501 3315 653 3380 universae
667 3317 779 3380 fortunae
790 3324 904 3380 cantata
918 3324 1027 3389 essent,
1043 3335 1077 3378 ca
1091 3315 1193 3397 paucis
1208 3316 1382 3390 recidendis,

215 3419 371 3492 addendis,
402 3419 550 3482 stavrtnndis
576 3420 612 3482 ad
643 3419 864 3501 perpetuitatem
890 3419 979 3482 unius
1004 3418 1103 3500 magni
1129 3418 1263 3499 corporis
1289 3417 1382 3499 redigi

219 3541 315 3604 posse.
359 3522 474 3602 i'vuleg.
490 3541 519 3604 p.
535 3521 634 3585 (lxxi.
664 3523 723 3604 ipsi
743 3533 839 3586 autem
858 3541 930 3586 aevo
946 3522 1102 3586 Homerico
1118 3541 1155 3586 nc
1170 3521 1240 3585 ittut
1257 3540 1382 3603 conspua-

218 3625 332 3689 sitionis
348 3625 503 3688 artificium
518 3624 696 3688 adscriberet
710 3645 801 3708 quum
817 3625 879 3690 aliis
892 3625 1068 3708 quibusdam
1083 3624 1246 3689 rationibus
1260 3642 1381 3706 penno·

218 3739 264 3791 tus
278 3738 338 3804 est,
360 3738 422 3792 unu
442 3729 617 3812 cyclicorum
637 3739 792 3811 poetamm
812 3739 1050 3814 ceteromrnque,
1071 3729 1121 3811 qui
1140 3729 1270 3792 Homero
1292 3735 1383 3789 aetate

163 3893 165 3896 .
218 3832 342 3915 prodmi
358 3833 485 3906 fuerunt,
500 3831 729 3914 comparatione
774 3833 1121 3916 „Etenin1“inquitp.
1136 3830 1250 3896 cxrtt't
1265 3829 1384 3909 „legat

218 3936 323 4000 trabis
343 3935 476 4018 aliquis
489 3935 669 4020 epitomas
684 3935 765 4000 illas
780 3937 989 4020 Cypriorum
1009 3946 1041 4001 et
1061 3937 1213 4001 aliorum
1228 3931 1384 4015 quinque

219 4037 411 4100 carminum
437 4057 550 4121 nuper
575 4039 703 4113 editas,
729 4048 762 4102 ct
787 4040 1008 4123 experietur,
1034 4059 1078 4103 an
1100 4039 1136 4102 in
1163 4037 1237 4101 uilo
1259 4054 1382 4098 corurn

221 4138 429 4220 primarium
444 4141 599 4215 heroem,
619 4151 680 4203 aut
694 4140 898 4222 primariam
913 4142 1104 4216 actionem,
1120 4151 1179 4205 aut
1192 4138 1383 4222 repetitam

188 4251 262 4302 tex
284 4241 415 4304 madiis
437 4241 542 4306 rebus
569 4242 831 4317 narrationem,
857 4245 975 4325 qualis
998 4245 1034 4308 in
1055 4246 1214 4326 Odyssea
1235 4250 1303 4316 est,
1325 4259 1382 4303 rc-

223 4341 347 4424 pcriat
402 4341 579 4427 Percense
604 4345 687 4410 item
712 4345 850 4428 reliqua
874 4345 975 4410 iilius
999 4347 1075 4411 aevi
1100 4346 1200 4430 cpiee
1225 4341 1383 4407 carmina

222 4442 297 4507 sire
311 4443 505 4508 carminum
520 4459 741 4528 argumenta,
761 4447 990 4531 genealogias
1010 4449 1158 4513 deorum
1172 4455 1208 4510 et
1226 4446 1383 4520 heroum,
