3092 4964
695 509 897 608 -...¹⁸.i.....„

216 719 330 784 οσσσον
350 694 468 780 σὲρμαι
483 697 610 761 nimiae
625 693 846 760 valetudinis
862 705 891 759 et
905 696 1164 779 prosperitatis
1179 701 1300 764 exitus
1320 701 1379 764 in·

215 811 354 887 gretes:
381 820 463 864 narn
489 801 522 864 in
542 800 752 883 propinquo
775 808 860 864 sunt
879 800 1025 864 morbus
1046 810 1078 864 et
1098 802 1290 868 calamitas.
1321 805 1379 868 Sed

215 903 400 987 supersederi
421 913 519 968 tamen
540 902 596 966 hoe
614 903 784 966 coniectura
803 911 916 985 potest,
935 902 1099 966 dummodo
1118 923 1174 986 pro
1195 900 1258 992 γάρ
1272 907 1381 972 causali

213 1017 375 1092 reponatur
389 1005 602 1071 adversativum
618 999 670 1084 δέ,
691 1007 771 1088 quod
791 1025 808 1068 a
828 1004 953 1069 librariis
975 1025 1036 1070 non
1058 1008 1148 1070 semel
1164 1027 1232 1071 cunr
1248 1009 1296 1072 illo
1312 1029 1382 1092 per·

215 1121 358 1176 mutatum
373 1129 439 1176 esse
454 1118 579 1176 constat
610 1110 684 1173 Nam
700 1109 743 1174 sic
757 1119 787 1174 et
798 1109 959 1173 sententiae
971 1111 1135 1174 consulitur
1149 1121 1178 1176 et
1189 1130 1382 1177 numerorum

217 1214 425 1299 aequabilitati,
439 1214 584 1298 siquidem
600 1213 716 1278 brevem
732 1221 803 1298 post
817 1207 915 1290 νόσος
926 1213 1067 1298 syllohom
1084 1213 1193 1296 requiri
1204 1214 1383 1300 antistroplri

218 1318 399 1401 comparatio
416 1317 510 1382 donet.
526 1351 568 1365 -
584 1317 643 1381 lam
660 1325 824 1399 sequuntur
838 1317 868 1380 in
884 1317 1037 1382 codicibus
1048 1319 1134 1382 haec:

318 1415 377 1486 καὶ
398 1416 531 1502 πότμος
551 1414 753 1505 ἕσθσπορῶν
774 1411 895 1510 ἀνδρὸς
917 1413 1060 1487 ἔπαισεν
1073 1411 1222 1510 ὅφανσον
1244 1416 1339 1511 λ’ρμα.

218 1525 253 1590 ad
268 1543 398 1608 quorum
413 1527 666 1590 constructionem
682 1525 753 1590 nibil
765 1525 992 1590 desiderandum
1007 1545 1074 1590 esse
1087 1527 1257 1592 llermanno
1273 1548 1383 1594 conce·

217 1630 330 1694 dimus:
347 1647 416 1694 nam
431 1621 548 1693 παίειν
561 1629 620 1694 hoc
634 1648 726 1694 sensu
740 1648 809 1693 cunr
825 1630 892 1693 solo
908 1629 1089 1706 accusativo,
1110 1631 1177 1694 licet
1189 1631 1303 1709 rarius,
1323 1651 1384 1696 non

217 1725 315 1798 tomen
335 1733 499 1798 inauditum
518 1741 577 1812 est3
596 1735 649 1798 sed
671 1735 774 1798 deesse
793 1733 902 1817 aliquid
927 1733 1015 1799 nobis
1034 1734 1149 1799 videtur
1167 1753 1260 1817 quum
1275 1735 1311 1799 ad
1328 1755 1384 1800 nu·
1431 1805 1432 1808 ,

219 1855 371 1902 merorum
385 1838 611 1914 rotunditatem,
626 1847 688 1902 tunr
704 1855 773 1900 vero
789 1837 825 1902 ad
842 1839 1028 1903 sententiam.
1059 1837 1177 1922 Quippe
1189 1857 1251 1902 nen
1266 1838 1385 1920 quaeris

218 1959 362 2024 prospere
383 1944 499 2004 senuna
520 1941 556 2004 ad
577 1941 734 2023 scopulum
754 1941 903 2024 impingit,
922 1941 974 2006 sed
994 1961 1027 2006 ea
1045 1950 1171 2016 tontum,
1187 1961 1263 2024 quae
1277 1941 1386 2005 immo·

219 2041 284 2106 dica
299 2050 347 2105 est
360 2051 410 2105 aut
424 2061 481 2123 qna
496 2042 563 2122 quis
579 2060 641 2105 non
661 2050 740 2106 recte
759 2044 859 2107 utitur.
904 2044 936 2108 ld
957 2045 1021 2126 ipse
1037 2043 1198 2126 descirplus
1218 2051 1340 2108 teum
1360 2063 1387 2107 ν.

221 2143 299 2208 731:
319 2135 421 2208 oinos
442 2135 629 2208 εὐθυδίκων
650 2137 833 2223 καλλίπαις
854 2141 985 2227 πότμος
1007 2139 1084 2210 nisi.
1108 2157 1138 2210 et
1156 2147 1242 2210 Eum.
1263 2165 1288 2209 ν.
1310 2145 1388 2209 sut:

222 2237 307 2310 istiu
332 2237 509 2329 δ’ἀνάγνας
535 2237 613 2330 iirep
641 2241 775 2324 δίκαιος
800 2238 849 2311 o’ia
876 2241 933 2312 oie
961 2238 1105 2330 ἄνολβος
1131 2238 1236 2312 ἔσται.
1277 2247 1388 2311 Deinde

220 2349 308 2414 credo
322 2351 457 2433 equidem
472 2350 646 2432 Aeschylum
658 2351 745 2414 etiam
759 2344 843 2438 ἕρμα
854 2352 935 2426 illud,
950 2351 986 2414 od
998 2351 1078 2433 rpuod
1090 2349 1180 2414 nimia
1191 2359 1242 2412 aut
1252 2349 1389 2432 improbe

221 2451 341 2516 felicitas
361 2452 514 2535 impingat,
533 2453 619 2535 quale
639 2453 678 2516 sit
696 2453 796 2535 paullo
818 2453 956 2518 disertius
975 2453 1130 2516 indicasse.
1171 2453 1344 2527 Postremo,
1363 2451 1388 2515 si

221 2557 287 2638 quis
303 2566 400 2620 tamem
415 2556 487 2620 baec
500 2556 634 2638 potuisse
649 2557 752 2620 saltem
769 2556 865 2620 omitti
877 2554 1045 2630 contendat,
1060 2563 1210 2637 utpoteex
1222 2552 1388 2618 antedictis

220 2659 421 2740 intelligenda,
437 2659 524 2723 etiam
541 2659 732 2742 antistroplri,
747 2659 783 2724 de
798 2659 905 2741 quibus
920 2657 1019 2722 stsu'rn
1035 2657 1193 2721 dicendum
1209 2656 1278 2732 erit,
1298 2656 1387 2720 tidem

222 2761 332 2828 iaciunt
345 2761 452 2845 aliquid
467 2762 526 2826 boc
539 2764 606 2827 loco
622 2762 773 2826 excidisse.
803 2760 1053 2826 Commodissime
1072 2769 1103 2824 et
1116 2759 1153 2824 ad
1170 2758 1344 2825 sententiam
1360 2766 1389 2822 et
1491 2749 1494 2756 ’

220 2867 258 2930 ad
273 2885 416 2930 numeros
431 2866 593 2948 explendos
609 2865 698 2930 scribi
713 2865 834 2948 poterit:
1186 2865 1187 2872 ’

171 2967 202 3022 ³²
367 2963 425 3033 καὶ
447 2961 579 3050 πότμος
601 2959 801 3052 σῦθσπορῶν
823 2957 944 3051 ἀνδρὸς
965 2956 1051 3049 ὑπὲρ
1072 2959 1112 3028 τὸ
1132 2959 1253 3048 μέτρον

367 3073 502 3137 θᾶσσον
523 3063 645 3134 ἔπαισε
667 3064 753 3156 πρὸς
773 3061 858 3147 ὅσας
879 3060 1027 3158 &pennu
1048 3061 1142 3154 ἕρμα.

223 3173 261 3238 Et
274 3174 334 3238 boe
348 3175 466 3258 quidem
481 3169 569 3258 πρὸς
584 3164 667 3250 ἔλσας
681 3173 768 3237 etiam
783 3172 917 3236 Prienius
932 3172 998 3236 addi
1014 3172 1114 3249 voluit,
1130 3172 1159 3236 in
1175 3173 1277 3237 liuseo
1292 3173 1386 3237 lmen.

225 3278 281 3341 vob
296 3277 346 3340 Vll
361 3295 429 3340 ann.
449 3278 529 3343 1850
545 3297 574 3360 p.
590 3276 662 3341 388.

274 3455 281 3467 ο
311 3381 344 3444 ln
356 3380 538 3464 antistropha
558 3380 646 3463 primi
667 3381 727 3445 due
748 3399 850 3444 versus
877 3379 949 3444 nihil
964 3379 1141 3444 difficultatis
1155 3379 1273 3444 babent
1315 3381 1388 3444 Nom

224 3486 305 3567 qnod
321 3483 428 3566 ambigi
443 3494 551 3568 potest,
565 3493 664 3550 utnon
680 3478 787 3550 πεσόν
807 3473 931 3568 γ’ἅπαξ
950 3503 988 3547 an
1005 3475 1100 3562 ἅπαξ
1119 3478 1389 3567 araoo'rlependum

225 3587 276 3662 sit,
290 3587 398 3652 nullius
414 3587 556 3650 momenti
574 3596 635 3664 est,
656 3588 707 3650 sed
727 3587 862 3668 proxima
881 3585 980 3650 statim
1007 3585 1108 3660 rerba,
1135 3595 1168 3649 ut
1186 3586 1216 3650 in
1238 3587 1391 3652 codicibus

224 3691 335 3773 scriptu
354 3697 442 3763 sunt,
461 3679 514 3764 τίς
535 3677 575 3750 ἂν
595 3683 703 3751 πάλιν
723 3677 934 3770 ἀγκαλέσαιτ’
956 3679 1139 3766 ἐπαείδων,
1167 3689 1226 3752 dua
1248 3705 1310 3753 non
1326 3709 1390 3754 arn·

223 3793 310 3878 bigne
325 3792 434 3857 babent
448 3790 630 3873 eermptelae
645 3790 760 3854 indicia.
789 3789 924 3855 anum
944 3790 1023 3854 enirn
1042 3783 1147 3854 πάλιν
1164 3790 1277 3855 abesta
1292 3793 1391 3867 Farn,

225 3906 255 3960 et
272 3905 352 3960 recte
369 3894 470 3958 obest:
488 3911 557 3958 nam
580 3903 684 3976 pactae
703 3893 775 3957 nibil
796 3912 872 3975 opus
893 3892 948 3957 luit
962 3872 1022 3956 iroe
1040 3911 1257 3976 supervacanee
1277 3892 1391 3958 addita-

225 4007 341 4061 mento:
364 3997 510 4080 interpres
529 3996 559 4060 id
574 3995 742 4060 adscribere
753 3995 859 4078 potuit,
873 4015 932 4077 quo
945 3995 1107 4078 planiorem
1120 3998 1229 4060 laceret
1239 3995 1296 4059 rirn
1312 3995 1392 4061 verbi

225 4090 454 4181 ἆγοαλέσαιτο.
491 4098 600 4164 lleinde
616 4099 695 4182 quod
712 4097 743 4162 in
758 4099 864 4162 codem
879 4097 967 4162 Farn.
978 4106 1056 4162 extat
1069 4088 1122 4175 τίς
1142 4089 1391 4184 c’e’ysnie'eerc',

107 4239 111 4248 ·
226 4201 408 4264 demonstret
422 4191 464 4264 dv
476 4200 513 4265 ab
528 4221 574 4279 eo,
588 4202 638 4284 qui
654 4203 734 4267 bunc
747 4201 881 4266 codicem
897 4199 1030 4283 scripsit,
1044 4219 1106 4266 non
1125 4203 1232 4267 lectum
1253 4221 1320 4266 esse
1338 4221 1391 4266 ne·

228 4321 285 4386 que
313 4303 510 4367 necessariam
545 4304 576 4368 in
610 4305 659 4370 tali
692 4304 922 4386 interrogatione
951 4303 1122 4388 particulam
1152 4325 1219 4370 esse
1254 4304 1393 4368 evincunt

227 4405 359 4488 exemplo
379 4423 397 4468 a
415 4403 543 4489 neugio
562 4407 599 4472 de
618 4399 660 4472 dv
672 4417 747 4492 part
767 4429 797 4493 p.
820 4405 894 4484 132,
914 4407 951 4471 ab
971 4408 1141 4472 llermanno
1168 4407 1279 4492 opusc
1304 4409 1342 4472 lv
1362 4429 1391 4492 p.

233 4509 292 4572 ltu
303 4515 332 4572 et
352 4507 410 4572 lb'l
423 4517 452 4574 et
464 4528 481 4573 a
492 4510 657 4576 llaetrnem
670 4512 706 4577 ad
723 4511 843 4595 dntipb.
858 4530 889 4595 p.
909 4511 969 4576 130
981 4511 1115 4576 collecta:
1129 4510 1181 4575 sed
1196 4529 1259 4575 non
1273 4502 1393 4584 mirum,
