3106 4958
238 1688 297 1779 DE
320 1687 530 1782 vultum
554 1681 825 1780 ClllllOOliUll
853 1683 981 1779 uotis
1005 1685 1068 1777 lt)
1093 1685 1276 1780 lustum

574 1843 720 1936 urunt
745 1844 800 1935 ET
823 1843 934 1937 otus

260 2130 304 2212 lle
319 2147 449 2209 tormine
464 2145 620 2220 llesiocleo,
634 2144 716 2226 qnod
726 2147 823 2224 (luera
837 2153 866 2205 et
881 2142 947 2206 Dies
963 2141 1141 2215 inscribitur,
1156 2159 1245 2222 quatu
1258 2142 1334 2204 turio
1352 2155 1369 2205 ³

173 2270 210 2314 nc
223 2251 335 2313 diverso
356 2249 417 2312 sint
436 2248 678 2311 doctissimorum
693 2245 824 2309 virorum
845 2245 949 2309 iudicio
969 2245 1115 2308 nerninem
1132 2243 1203 2324 fugit
1222 2245 1336 2308 uredic-

175 2353 262 2417 criter
274 2353 365 2416 ntotlo
377 2352 408 2415 in
419 2353 477 2415 hoc
488 2352 646 2414 litterarum
658 2359 931 2429 generemusntum.
963 2350 1040 2411 Sunt
1050 2347 1140 2422 enim,
1152 2348 1201 2428 qm
1210 2349 1336 2412 fornum

174 2457 238 2520 eius
253 2466 282 2518 et
296 2453 556 2535 compositionem,
570 2453 595 2516 si
611 2452 709 2515 uulnus
730 2450 865 2515 laudibus
879 2452 1026 2523 extollant,
1040 2461 1068 2514 ot
1083 2461 1161 2513 certe
1175 2449 1249 2513 sotis
1264 2471 1336 2531 goro-

173 2559 298 2622 latitem
313 2577 380 2621 esse
392 2557 581 2630 contendant,
596 2557 626 2618 in
641 2573 698 2636 qua
712 2554 778 2617 lieet
790 2555 901 2634 possim
914 2555 1078 2617 iuncturam
1094 2553 1191 2635 ,lauto
1203 2553 1337 2634 asperio-

174 2681 236 2724 rem
257 2661 473 2743 transitumque
493 2660 530 2722 uls
549 2659 603 2722 alin
619 2665 701 2739 grurtc
721 2656 757 2720 acl
772 2657 857 2720 eliam
878 2657 1077 2738 abreptionem
1097 2677 1164 2720 osse
1184 2658 1336 2726 loteautur,

174 2773 271 2829 muron
293 2783 354 2828 nou
377 2763 450 2827 olleo
471 2761 579 2826 mirum
600 2761 659 2824 lroc
681 2759 769 2822 villeri
791 2780 883 2842 possse
902 2769 1055 2824 autumant
1077 2760 1107 2823 in
1127 2759 1256 2823 euuuino
1276 2769 1334 2821 tam

174 2878 289 2931 vetusto
304 2887 394 2949 enum
406 2875 498 2932 netote
513 2875 591 2934 noto,
605 2883 678 2947 clune
693 2863 762 2946 quid
775 2862 904 2944 pontione
914 2863 984 2927 ortis
999 2864 1078 2944 leges
1089 2873 1247 2945 poscerent
1258 2879 1336 2924 nou-

174 2972 244 3034 ‹lmn
268 2971 340 3034 sotis
360 2970 491 3043 collocem
512 2967 583 3031 boni
602 2978 699 3032 summ
721 2967 888 3048 intonueris
910 2987 991 3039 esse,
1014 2967 1039 3028 si
1059 2965 1128 3046 «guid
1152 2966 1189 3028 ad
1210 2966 1336 3047 guertium

173 3083 272 3156 alitem
299 3071 547 3154 compositionem
570 3071 696 3146 clcliciat,
722 3071 752 3133 iul
775 3079 889 3132 suoutet
915 3069 1013 3150 ipsum
1040 3067 1169 3131 sollertia
1192 3069 1338 3149 sugrplere,

173 3195 335 3256 causasque
349 3183 378 3238 et
393 3173 538 3247 rationes,
559 3192 632 3254 quoru
647 3183 734 3255 poete
751 3171 780 3234 in
800 3190 890 3253 opere
904 3171 1113 3252 componendo
1134 3180 1276 3251 sequutus
1291 3169 1339 3244 sit,
1418 3259 1422 3266 ἡ
1545 3179 1546 3210 t

174 3279 315 3360 sagaciter
335 3276 481 3356 indagare.
525 3275 634 3338 Contra
655 3275 701 3339 olii
728 3285 826 3357 pones
844 3273 965 3356 quidem
984 3272 1095 3354 aliquot
1114 3273 1241 3335 tttoiores
1260 3283 1339 3335 recte

174 3379 355 3461 compositos
370 3388 399 3440 ct
414 3375 496 3459 quasi
512 3377 652 3440 continuo
670 3377 717 3440 lllo
733 3375 872 3439 deductos
887 3396 953 3438 esse
968 3376 1147 3450 concedunt,
1166 3395 1216 3438 ess
1233 3376 1337 3458 iniqui·

174 3481 246 3558 mis,
266 3501 341 3563 qum
355 3481 392 3544 do
406 3479 581 3561 agricultura
596 3490 625 3544 ct
644 3478 681 3542 tle
695 3477 879 3559 nauigatione
892 3479 986 3560 «lorgoe
1000 3479 1113 3540 dicmur
1130 3479 1294 3542 latrstorum
1309 3489 1338 3541 et

173 3583 369 3647 inlaustomm
390 3580 595 3647 observatione
613 3581 807 3664 praecipiunt,
826 3581 880 3644 secl
900 3581 946 3644 luis
960 3581 1032 3644 olias
1053 3598 1206 3662 pomerum
1221 3591 1338 3645 assutas

174 3705 253 3760 esso,
267 3685 347 3748 uttllo
363 3683 480 3748 interno
495 3685 610 3748 vinnsso
625 3693 675 3748 out
688 3684 764 3746 inter
783 3703 817 3746 se
830 3693 881 3746 out
895 3703 964 3746 curu
980 3683 1034 3747 illie
1049 3681 1213 3746 moiorilms
1229 3685 1336 3746 cohoe-

174 3797 289 3862 rentes,
316 3788 368 3851 scd
387 3789 541 3851 confusam
564 3785 711 3868 quandem
731 3786 943 3849 sententiarum
966 3805 999 3848 oc
1022 3797 1247 3866 praeceptorum
1269 3785 1338 3848 sarii

175 3891 291 3972 generis
311 3890 501 3972 lomginem,
520 3906 607 3970 quom
623 3887 673 3968 qui
693 3887 896 3968 congesserint
909 3896 959 3951 sut
977 3905 1092 3950 meum
1112 3886 1265 3950 arbitrium
1288 3896 1338 3950 not

175 3995 301 4056 fortusse
316 4001 465 4056 cuminam
484 3991 629 4074 quandam
650 3987 870 4053 similitudinem
885 3989 916 4052 in
931 3989 1078 4052 sombulis
1097 3989 1230 4070 oleoque
1245 3988 1276 4052 in
1290 3989 1338 4052 lit·

175 4095 247 4159 teris
263 4103 405 4176 sequutos
419 4115 498 4170 csse,
512 4094 549 4157 od
564 4093 688 4156 cundem
708 4093 847 4168 modum,
867 4111 953 4174 quem
973 4091 1004 4154 in
1022 4090 1173 4172 elegorum
1189 4091 1338 4173 Theogni-

176 4198 301 4261 dcoruru
315 4195 486 4261 collectione
501 4194 591 4260 critici
605 4195 750 4260 acutiores
764 4193 1039 4259 animaduerterunt.
1068 4197 1164 4276 Angue
1177 4193 1214 4258 el»
1229 4195 1337 4259 horum

176 4297 318 4364 sententio
342 4318 397 4380 ego
419 4318 537 4382 quoquc
560 4317 609 4362 mc
629 4315 692 4362 uon
711 4298 869 4362 abhorrere
893 4299 1044 4379 protiteor.
1078 4301 1195 4374 Quanto
1220 4299 1338 4384 saepius

148 4463 152 4474 ,
176 4401 257 4467 enim
275 4421 393 4467 carmen
410 4401 572 4484 perlustro,
592 4411 760 4485 ‹luontoqnc
779 4401 941 4464 accuratius
961 4401 1152 4465 delensonun
1171 4402 1289 4468 illorum
1303 4423 1339 4467 ac

177 4505 360 4573 nutantum
379 4506 509 4571 rationes
523 4503 675 4583 examino,
689 4522 813 4570 acumen
828 4503 947 4587 quidem
961 4513 992 4570 ct
1006 4505 1164 4570 solbrtism
1179 4525 1337 4588 argumen-
1428 4586 1431 4594 .
