3092 4964
635 441 772 539 .-.ru
794 533 820 540 ..

156 627 198 693 22
220 640 249 694 et
267 629 323 707 tt,
346 631 397 697 uhi
422 631 521 699 civitas
545 626 644 720 pilosa
668 631 750 715 prior
773 651 839 696 esse
862 630 969 696 dieitur
992 631 1114 713 singulis
1139 633 1318 706 hominihus,

84 775 85 778 =
154 735 403 818 quemadmodum
425 747 519 803 totum
539 737 622 821 prius
641 737 680 801 sit
700 735 833 819 partibus
854 735 931 811 suisa
952 736 1031 800 unde
1049 737 1192 819 consequi
1214 737 1318 802 intelli·
1442 741 1448 754 '

155 840 240 922 gebal
262 841 350 906 eliam
376 843 466 906 domo
490 841 634 906 ciuitatem
659 839 788 924 priorem
815 839 979 904 hahendam
1004 861 1080 905 esse.
1115 841 1175 904 Sed
1199 842 1318 906 nautarit

155 955 257 1027 postea
273 947 315 1010 uir
328 943 518 1010 doctissimus
533 943 682 1019 iudicium,
698 954 726 1007 et
740 953 818 1007 recte
830 943 958 1025 quidem.
985 943 1059 1007 h'arn
1071 943 1149 1008 aliud
1161 955 1205 1008 est
1218 937 1316 1032 prust

155 1043 317 1134 πρότερον
335 1035 434 1125 εἶναι,
454 1046 530 1112 aliud
551 1042 685 1132 γενέσει.
722 1051 763 1111 de
777 1040 874 1134 φύσει
892 1039 1055 1130 πρότερον
1073 1054 1168 1111 totum
1185 1047 1316 1130 partibus

154 1153 289 1233 suisque
304 1151 417 1215 ratione
432 1151 546 1217 dicatur
561 1170 622 1216 uon
639 1151 799 1216 obscurum
818 1159 873 1226 est,
892 1149 1074 1232 breviterque
1088 1149 1176 1214 etiam
1196 1171 1213 1214 a
1233 1151 1317 1215 nohis

154 1253 322 1336 expositum
342 1255 372 1318 in
392 1254 544 1338 Antiquitt.
564 1255 619 1319 iur.
639 1255 721 1340 puld.
741 1255 792 1320 Gr.
807 1275 838 1338 p.
854 1254 905 1328 57,
926 1258 960 1330 -l;
980 1249 1104 1337 γενέσει
1123 1263 1221 1318 autern
1236 1256 1317 1337 prius

155 1377 221 1420 esse
240 1357 361 1434 dieitur,
383 1377 444 1422 non
465 1359 545 1441 quod
565 1358 630 1443 ipsa
651 1368 753 1424 natura
772 1377 807 1423 ac
826 1357 962 1432 notione,
986 1358 1038 1422 sed
1062 1359 1143 1440 quod
1167 1358 1317 1423 existentia

154 1459 238 1542 prius
257 1472 302 1526 est
320 1461 461 1544 priusque
479 1463 510 1526 in
530 1472 723 1547 conspectum
742 1462 834 1526 venit:
859 1460 1051 1543 quamohrem
1072 1461 1103 1524 ln
1122 1461 1266 1525 ciritatern
1285 1481 1319 1526 ao

155 1563 277 1628 donnum
297 1565 366 1629 illud
382 1568 481 1649 ipsum
495 1567 579 1644 radit,
598 1567 678 1651 quod
694 1568 730 1631 de
745 1564 802 1630 alio
819 1583 917 1628 rerum
940 1582 1046 1646 genere
1060 1565 1232 1629 nrtsroutes
1247 1586 1318 1648 pru-

155 1668 254 1834 hpetur
273 1667 359 1751 Phps.
381 1667 452 1746 llll,
475 1669 504 1744 7,
529 1665 570 1736 τὸ
592 1667 634 1757 τῇ
662 1663 786 1754 γενέσει
811 1661 946 1754 ὕστερον
969 1665 1010 1757 τῇ
1034 1663 1135 1756 ptest
1160 1663 1319 1756 πρότερον

155 1789 250 1835 ιναι.

240 1873 361 1937 lamed
391 1873 487 1956 ipsam
512 1875 733 1939 oeconomicam
757 1875 879 1956 eiusque
907 1892 986 1956 opus
1014 1873 1143 1955 scriptor
1165 1876 1317 1950 amedeus,

156 1975 284 2057 primum
301 1995 376 2056 quae
390 1977 449 2040 sint
464 1987 562 2058 partes
577 1976 685 2040 domus
700 1975 834 2057 exponit:
855 1969 935 2060 μέρη
952 1969 990 2038 δὲ
1009 1967 1119 2052 οἰκίας
1137 1965 1318 2060 ἅνθρωπός

155 2075 263 2147 τεκαὶ
278 2070 394 2168 κτῆσις
407 2073 506 2144 ἐστιν.
521 2113 564 2126 ·-
589 2069 793 2162 Ἄνθρωπον
807 2077 999 2142 Philodemus
1013 2077 1050 2140 de
1065 2077 1187 2142 domino
1200 2097 1226 2142 s.
1239 2089 1319 2161 patre

154 2185 276 2249 lentitius
297 2181 447 2265 aooeplsse
467 2180 595 2256 ridetur,
619 2181 785 2245 undenam
807 2188 853 2242 est
872 2179 1008 2260 speciosa
1026 2179 1114 2243 huius
1135 2179 1193 2244 loci
1217 2199 1318 2263 repre·

153 2285 268 2360 hensio,
288 2285 325 2349 de
339 2303 397 2366 qun
413 2303 482 2349 mox
497 2285 638 2348 dioemus.
668 2284 728 2348 Sed
743 2283 966 2365 Theophrastus
983 2281 1163 2346 hauddubie
1182 2282 1318 2364 singulari

153 2407 279 2452 numero
295 2407 368 2452 usus
384 2395 429 2450 ost
444 2387 482 2450 ed
497 2405 590 2468 gentis
601 2383 978 2468 universedesignandum;
990 2384 1110 2466 intelligi
1121 2394 1219 2448 autern
1230 2386 1319 2449 roluit

154 2491 322 2572 quicunque
336 2489 367 2553 in
382 2490 474 2553 domo
489 2488 625 2553 homines
641 2491 696 2554 suh
711 2489 804 2572 petris
820 2487 943 2552 lnrrrilias
958 2484 1212 2550 administratione
1223 2497 1252 2550 et
1262 2507 1318 2570 po·

155 2601 258 2654 testate
273 2591 381 2653 rlrunt.
407 2592 593 2672 Quansquam
609 2591 748 2654 dubitarit
762 2595 863 2655 lorsan
878 2589 996 2671 nlirpris.
1011 2597 1111 2651 utrum
1126 2607 1229 2652 seruus
1243 2608 1318 2670 quo-

154 2713 210 2774 que
229 2683 415 2776 eirdpeirtov
434 2692 556 2756 nomine
576 2693 846 2776 comprehenderit,
867 2711 915 2766 an,
934 2709 1025 2772 quum
1041 2700 1174 2772 opponat
1187 2681 1320 2773 ἅνθρω-

128 2829 129 2832 ¹
154 2815 221 2858 πον
239 2804 269 2858 et
287 2790 413 2880 κτῆσιν,
434 2814 539 2859 servos
559 2795 630 2860 huin
647 2796 747 2878 plotius
767 2794 964 2860 amensuorit:
988 2793 1134 2874 siquidem
1154 2793 1232 2856 serri
1251 2803 1322 2856 sunt

153 2891 322 2984 κτήματα,
353 2907 382 2959 et
408 2894 525 2983 κτῆσις
549 2893 622 2962 nihil
648 2899 724 2962 aliud
752 2907 799 2960 est
824 2917 912 2978 quam
939 2891 1112 2983 κτημάτων
1136 2895 1322 2960 universitas.

154 3001 195 3066 Cl.
205 3001 294 3063 Arist
310 2999 395 3064 Polit.
405 3002 431 3076 l,
446 3001 467 3063 2
476 3021 506 3083 p.
518 3001 547 3075 6,
562 3002 598 3063 l'l
610 3001 655 3064 od.
671 3001 793 3064 coetu:
807 2996 848 3063 τὸ
863 2995 971 3084 κτῆμα
986 2989 1124 3082 ὄργανον
1137 2993 1225 3081 πρὸς
1240 2991 1323 3083 ζωήν

154 3096 237 3179 ἐστι,
253 3095 311 3166 καὶ
327 3094 347 3188 ἡ
362 3099 478 3188 κτῆσις
492 3098 628 3189 πλῆθος
647 3093 794 3187 ὀργάνων
812 3093 895 3179 ἐστι’,
917 3094 976 3164 καὶ
998 3091 1017 3164 ὁ
1031 3096 1150 3175 δοῦλος
1163 3094 1273 3186 κτῆμά
1288 3119 1321 3164 τι
1373 3174 1376 3180 ,

132 3229 134 3235 ·
154 3198 311 3291 ἔμψυχον.
338 3207 475 3270 Attamen
487 3216 592 3270 nostro
604 3205 723 3288 quidem
739 3205 806 3269 loeo
818 3222 922 3268 servos
936 3222 952 3264 a
967 3203 1077 3283 reliqua
1092 3195 1207 3288 κτήσει
1223 3203 1324 3266 seiun-

156 3319 220 3373 etos
232 3299 451 3394 etrirdpniuou
462 3309 658 3393 appellatione
667 3309 901 3391 comprehensos
911 3306 1012 3379 ueto,
1022 3305 1150 3388 primum
1161 3315 1326 3388 propterea.

156 3412 236 3492 quod
252 3411 339 3474 eliani
354 3421 469 3492 postea,
484 3413 578 3496 caph
594 3413 668 3488 init,
682 3431 699 3475 a
714 3409 834 3491 reliquis
849 3401 1015 3495 κτήμασιν
1028 3407 1182 3488 distinguit
1195 3404 1236 3473 ad
1250 3403 1326 3490 plt-

155 3531 270 3577 τιστιιν
282 3506 341 3576 καὶ
357 3505 664 3596 ἡγεμωνινώιαιον·
685 3509 784 3577 reiro
799 3505 836 3574 dri
856 3496 896 3595 ἦν
910 3501 1093 3594 ἅνθρωπος
1106 3511 1136 3574 Ιι.
1152 3531 1178 3573 e.
1194 3506 1326 3586 dodino:

156 3615 263 3678 deinde
276 3613 344 3696 quia
358 3614 417 3678 hon
430 3615 498 3697 ipso
514 3615 618 3698 eapite,
634 3615 734 3697 paucis
749 3621 820 3695 post
834 3612 977 3686 versibus,
991 3611 1042 3674 uhi
1057 3611 1094 3673 de
1108 3609 1280 3675 hominihus
1295 3613 1326 3675 in

155 3717 247 3780 domo
268 3715 410 3797 loquitur,
432 3733 557 3779 uxorem
576 3715 647 3779 dicit
669 3710 805 3800 πρῶτον
826 3708 892 3775 τῶν
915 3705 1148 3795 ἐλευθέρων,
1172 3730 1235 3776 uon
1259 3713 1327 3776 τῶν
1344 3729 1374 3779 ιιι

157 3809 363 3903 ἀνθρώπων,
389 3818 469 3898 quod
496 3816 628 3891 lenisset,
653 3816 774 3899 opinor,
800 3813 856 3877 nisi
881 3814 968 3878 tacite
992 3803 1174 3894 dodanum
1196 3814 1228 3877 in
1252 3815 1327 3880 duas

157 3919 285 4001 species,
312 3919 432 3982 alteram
451 3913 520 3981 τῶν
540 3910 737 4003 ἐλευθέρων,
764 3909 883 3980 alteram
905 3910 972 3978 τῶν
993 3906 1134 3992 δούλων,
1166 3915 1327 4006 divisisset.

157 4021 344 4102 Quamquam
359 4021 436 4084 hane
449 4017 623 4083 drusion·-
639 4019 719 4101 quod
735 4027 795 4082 tarn
813 4017 939 4083 obscure
954 4015 1128 4098 significarit
1141 4035 1205 4080 non
1221 4018 1327 4083 inituia

158 4122 367 4206 reprehendas.
398 4120 534 4186 Ceterum
549 4121 727 4186 oonlerenda
742 4140 810 4186 eum
826 4123 885 4185 hoe
898 4121 965 4185 loeo
979 4129 1052 4184 sunt
1065 4139 1141 4203 quae
1155 4122 1328 4187 Aristoteles
1380 4137 1385 4146 ·

159 4222 290 4307 disputat
302 4224 390 4288 reru
404 4223 427 4302 Ι,
441 4224 462 4287 2
477 4223 518 4287 in.
533 4233 563 4288 et
576 4223 773 4289 Callicratidas
792 4219 872 4310 περὶ
892 4214 995 4287 οἴκων
1013 4213 1232 4306 εὐδαιμονίας
1249 4225 1328 4308 apud

158 4325 432 4392 Stohaeum'l’loril.
453 4325 497 4390 tit.
516 4323 567 4402 ⁸5,
591 4328 631 4389 ld
650 4335 723 4390 tum.
742 4326 781 4391 ΙΙΙ
802 4345 832 4409 p.
857 4324 926 4388 tto.
942 4323 1047 4388 (laisla
1065 4321 1133 4389 τῶν
1151 4321 1190 4391 δὲ
1202 4321 1329 4412 μερέων

1058 4428 1120 4492 Μ’
