3078 4954
764 457 824 521 ιιι
893 545 900 553 .

219 666 278 710 non
296 647 356 710 boc
374 645 471 708 solum
492 645 532 708 dii
552 643 696 722 incantet,
716 647 879 711 rediturum
895 647 925 710 in
941 647 1065 731 patriam
1080 648 1222 728 Oresten,
1241 655 1294 716 aed
1309 669 1378 737 per·

219 752 359 814 ieetumm
371 747 527 812 vindictam
546 748 628 812 necis
643 759 796 833 paternae:
811 745 980 834 πράξειν
1000 772 1052 816 νιν
1072 744 1247 836 ὑπτίασμα
1268 749 1380 838 κειμέ-

218 873 272 915 roo
286 845 422 935 πατρός.
454 851 527 916 Nom
547 845 707 938 πράττειν
725 873 780 934 pro
800 847 1015 938 πράττεσθαι
1034 855 1121 920 etiam
1136 856 1203 920 alibi
1218 860 1379 942 Aeschylus

217 956 296 1028 dixit.
311 956 396 1020 Eum.
411 975 438 1018 r.
454 956 530 1020 614:
553 951 693 1042 φράζειν
708 948 841 1046 Ὀρέστῃ
856 955 944 1046 cpida
957 954 1015 1024 τὸν
1028 953 1158 1043 πατρὸς
1171 954 1276 1046 φόνον
1288 955 1397 1046 πρά-Ι

216 1054 315 1137 ξαντα
328 1054 453 1146 μητρὸς
465 1055 619 1146 μηδαμοῦ
632 1055 735 1142 τιμάς
748 1053 866 1144 νέμειν.
882 1097 921 1110 -
940 1063 973 1127 in
989 1064 1126 1146 proximo
1141 1082 1228 1128 versu
1384 1049 1389 1058 ¹

440 1177 476 1249 τί
497 1175 566 1272 δῆτ’
589 1178 652 1270 έμιί
674 1180 861 1265 κάτοικος
882 1174 942 1252 ὧδ’
964 1179 1146 1270 άναστένως

218 1312 401 1378 normannus
421 1310 579 1398 μέτοικος
592 1314 723 1398 scripsit,
742 1317 993 1398 quemadmodum
1013 1318 1071 1382 iam
1086 1329 1154 1382 ante
1168 1317 1204 1381 Η.
1216 1317 1249 1382 Ι..
1264 1318 1379 1382 Αίιεεοε

218 1415 385 1482 coniecerat.
418 1418 535 1502 Respioi
550 1417 629 1482 enim
645 1418 685 1481 ait
699 1419 734 1482 od
750 1439 776 1482 r.
796 1419 888 1494 1234,
905 1419 953 1483 ubi
969 1419 1132 1485 Cassandra
1148 1440 1180 1484 ae
1194 1420 1232 1484 ab
1247 1419 1380 1504 Apolline

217 1521 338 1602 epatoia
357 1522 514 1586 deductum
533 1543 599 1586 esso
612 1521 745 1604 queritur
759 1525 795 1587 ad
815 1533 942 1588 mortem
958 1524 1043 1605 Argis
1063 1523 1246 1600 obeundam,
1268 1525 1379 1587 condr-

218 1623 347 1706 marique
367 1625 604 1688 emendationem
622 1626 708 1688 etiam
729 1624 875 1708 proximis
895 1626 1041 1702 rensibus,
1063 1626 1114 1690 ubi
1134 1635 1326 1709 opponantur
1338 1622 1380 1712 τῇ

215 1717 357 1811 μετοίκῳ
372 1726 428 1802 illi,
443 1728 494 1808 qui
509 1726 540 1789 in
555 1727 647 1808 petria
661 1727 829 1810 interempti
844 1727 913 1792 sint
943 1729 1029 1810 Atqui
1044 1729 1089 1792 vir
1105 1728 1193 1792 oredo
1208 1748 1289 1804 eam,
1305 1747 1380 1809 quae

216 1827 325 1909 captiva
340 1829 369 1893 in
384 1829 568 1911 peregrinam
585 1839 691 1894 terram
707 1831 830 1896 deducta
846 1831 893 1908 sit,
907 1843 986 1896 recto
998 1826 1155 1914 μέτοικον
1165 1831 1222 1896 dici
1236 1829 1379 1914 potuisse,

216 1949 305 2012 quum
321 1933 494 2015 praesertim
510 1953 573 1997 non
588 1932 750 1999 habitatura
764 1935 820 2010 ibi,
835 1935 887 1999 ssd
903 1935 1001 1998 statim
1016 1934 1159 1999 moritura
1173 1935 1264 2014 ait³):
1284 1953 1380 2017 neque

216 2033 357 2100 rationem
382 2037 480 2112 rideo,
508 2056 561 2102 our
589 2037 754 2101 facillimam
779 2037 917 2119 scaligeri
943 2037 1180 2101 emendationem
1204 2029 1379 2114 κάτοικτος

216 2157 399 2220 spernamus.
442 2139 516 2204 Nam
535 2141 564 2204 id
584 2139 701 2222 quidem
723 2159 813 2204 nenio
833 2138 988 2214 dubitabit,
1008 2138 1079 2220 quin
1094 2157 1219 2220 prorsus
1234 2157 1380 2221 personae·

218 2261 286 2304 suae
306 2241 512 2306 conuenienter
530 2240 694 2307 Cassandra
714 2244 811 2307 dicere
829 2242 939 2327 possit:
959 2240 1041 2323 quid
1058 2260 1122 2321 opo
1142 2239 1196 2304 sic
1208 2241 1380 2306 lamenta·

217 2341 297 2408 bilis
324 2343 552 2427 conqueror?
588 2348 633 2408 dn
661 2347 738 2412 iorte
760 2347 818 2410 hoc
839 2347 938 2428 ipsum
961 2343 1030 2407 inuio
1057 2341 1254 2406 entendationi
1276 2343 1381 2418 offecit,

218 2448 296 2528 quod
315 2447 404 2511 nimio
428 2447 518 2512 sociiis
538 2447 663 2531 ideoque
682 2468 786 2532 prorum
807 2469 913 2531 sagax
934 2446 993 2510 risa
1013 2443 1079 2508 esti
1113 2444 1197 2508 Corte
1216 2445 1381 2527 sagacius

217 2549 341 2614 taraus
356 2545 519 2636 πρόσικος
534 2551 695 2614 coniecisse
709 2551 825 2614 dicitur.
856 2549 967 2631 Nempe
982 2548 1025 2612 sic
1043 2556 1090 2610 est
1109 2565 1323 2629 nonnunquam
1338 2547 1382 2610 rir

217 2671 360 2728 summus,
374 2653 411 2716 od
423 2653 516 2717 instar
527 2653 675 2718 venatoris
691 2653 767 2717 iilius
779 2650 975 2729 Callimacho,
990 2645 1032 2714 τά
1046 2645 1107 2732 μέν
1120 2641 1283 2738 φεῦγσνια
1298 2643 1381 2714 άιιί-

216 2773 286 2819 κειν
303 2741 391 2834 eide,
414 2752 457 2820 τά
481 2747 517 2820 d'
535 2751 571 2820 έν
587 2750 700 2842 μέσσιμ
722 2749 857 2837 κείμενα
880 2747 1106 2840 παρατέταται.
1140 2751 1215 2815 Nom
1238 2753 1296 2816 boc
1319 2772 1380 2816 non

218 2857 304 2921 credo
319 2877 388 2922 eum
407 2858 552 2934 morisco,
573 2859 653 2940 quod
668 2853 844 2934 κάτοικτος
858 2857 926 2921 alibi
947 2875 1008 2919 non
1022 2855 1136 2936 legitur.
1165 2854 1208 2917 Ne
1223 2846 1383 2932 έποικτος

218 2959 335 3042 quidem
350 2960 417 3024 aiibi
432 2961 486 3042 legi
498 2961 634 3036 arbitror,
650 2981 736 3043 quam
752 2979 813 3023 uno
828 2957 961 3040 Aeschyli
975 2957 1051 3030 loco,
1066 2958 1118 3036 Ας.
1131 2975 1158 3018 r.
1174 2956 1270 3032 15823
1285 2975 1381 3039 neque

219 3072 316 3126 tamen
330 3073 486 3145 propterea
501 3081 518 3125 a
533 3081 683 3144 quoquam
700 3063 729 3126 in
745 3062 869 3126 dubium
884 3070 1020 3124 roratum
1035 3070 1089 3122 eet

302 3164 447 3228 Venenum
467 3164 547 3228 1282
563 3184 630 3246 sqq.
644 3165 675 3228 in
690 3164 842 3228 codicibus
856 3163 930 3226 baec
944 3164 1039 3224 torma
1053 3169 1114 3222 est:

789 3279 873 3374 ἡλίῳ
888 3277 922 3351 d'
936 3278 1122 3365 έπιῦχομαι

434 3386 519 3474 πρὸς
532 3382 674 3456 doceres
686 3385 770 3477 φῶς,
784 3389 857 3466 τοῖς
870 3381 963 3470 έμσίς
976 3379 1152 3468 τιμαόροις

433 3485 569 3576 ἐχθροῖς
582 3489 720 3582 φονεῦσι
734 3491 806 3570 τοῖς
819 3485 912 3573 έμσῖς
924 3482 1026 3554 τίνειν
1041 3480 1123 3570 ὁμσῦ

433 3589 556 3681 δοῦλος
568 3590 737 3684 θανοῦσρς
752 3586 916 3677 ιῦμαρσῦς
927 3585 1140 3679 χειρώματος.

217 3741 290 3804 quac
301 3741 392 3806 quum
404 3723 561 3787 manifesto
573 3731 711 3806 corrupta
722 3723 862 3804 aliterque
871 3720 908 3783 ab
919 3718 981 3782 aliia
993 3725 1101 3782 uncta
1113 3715 1181 3789 sint,
1194 3713 1380 3780 Hormanmu

285 3969 311 4034 b)
331 3970 491 4026 Merodacor
509 3967 649 4034 Reieipiue,
661 3983 745 4020 ooarr.
764 3967 827 4019 oea.
846 3964 900 4018 cot.
918 3982 943 4033 p.
960 3961 1065 4028 CXXV,
1083 3968 1152 4014 roctc
1168 3965 1253 4011 monet
1270 3960 1380 4027 apoctis

220 4053 357 4117 ρεοεττείτι
374 4053 422 4106 dici
439 4053 555 4122 σοι,ραί
572 4053 674 4104 aedibus
692 4053 745 4104 coia
761 4051 864 4104 muntia
880 4050 964 4104 alicoo
981 4048 1006 4100 in
1024 4049 1080 4099 ioco
1097 4045 1255 4108 babitcotr
1272 4045 1317 4096 oet
1334 4047 1381 4099 boc

221 4137 307 4204 ἰριαιι,
318 4147 347 4191 ut
358 4139 471 4192 babiteot
480 4139 522 4204 ibi,
535 4155 583 4190 ooo
597 4137 771 4204 negligendam
784 4143 833 4190 eat.
858 4133 1023 4203 Quamobrem
1036 4149 1084 4184 noo
1097 4138 1166 4184 recte
1174 4137 1236 4199 puto
1248 4129 1280 4182 ab
1292 4131 1380 4184 codam

222 4221 329 4288 iiciaipio
347 4231 374 4274 et
385 4223 417 4274 eb
428 4223 568 4277 Hermanno
582 4225 606 4276 in
619 4225 667 4290 Ας.
680 4241 705 4276 r.
719 4223 750 4276 bi
764 4223 821 4276 τιῦν
832 4219 862 4275 δέ
874 4221 1014 4292 μετοίκιον
1030 4218 1062 4269 dc
1074 4217 1151 4286 pallia
1161 4216 1291 4268 ruitum
1301 4215 1381 4283 accipi
1421 4259 1425 4266 .

221 4307 304 4360 cnido
315 4307 437 4376 abreptis,
449 4307 509 4361 near
522 4310 661 4377 praeiverit
676 4311 740 4362 baec
752 4306 946 4377 explicationem
957 4304 1116 4357 ecboliaatca.
1150 4299 1311 4366 intelligendi
1323 4307 1382 4353 aunt
1413 4353 1415 4356 .

222 4392 268 4461 ipsi
280 4393 396 4446 voltam
407 4393 432 4446 io
443 4395 573 4449 aitiasioaia
585 4397 648 4450 toda
660 4395 802 4450 aidalaatea
814 4400 841 4446 ct
853 4391 878 4446 ia
895 4405 991 4444 omo
1002 4391 1106 4444 actbcrc
1117 4387 1264 4453 vobtaotca,
1275 4385 1381 4454 ideoque

222 4479 369 4534 caeloatiau
380 4479 484 4535 aeona
496 4481 673 4551 quodamnodo
685 4479 810 4554 {aquilieb
