3106 4958
686 439 887 540 ...⁶3-

318 620 385 706 '³09
406 613 561 710 ποταμόν
582 624 685 714 dreng}
709 621 869 714 κακότητι
892 621 929 692 δὲ
950 627 1063 710 χεῖρας
1084 617 1234 706 ι’ἰνιπτσς,

329 729 378 817 τηΐι
401 727 438 795 δὲ
458 727 537 794 θεσὶ
560 727 721 812 νεμεσῶσι
743 727 801 794 καὶ
824 721 925 814 όλγτα
947 727 1056 793 δῶκαν
1078 721 1223 805 ὀπίσσω,

211 837 315 918 quibus
331 836 390 898 iroe
400 833 546 897 sciroiiunr
557 832 737 914 adscriptum
749 825 935 896 cstr’bitdee
947 827 1112 918 yqeirpeeur
1125 839 1371 898 ΚΑΚΟΤΗΤΛ·

210 933 266 1002 s'rri
281 931 449 1022 κακότητα
462 923 560 1013 siden,
583 926 655 998 α’ντὶ
670 932 729 1000 τοῦ
750 928 946 1019 ἐκακώθη.
969 925 1185 1020 Ἀρίσταρχος
1200 929 1238 998 δὲ
1253 925 1375 998 όθττιῖ

209 1037 266 1103 τόν
287 1031 398 1118 στόχον
429 1040 553 1102 τοῦτον.
585 1029 705 1100 ’Ἀλλαι
730 1029 932 1123 κακότητα
957 1027 1038 1113 ἔστι,
1067 1031 1170 1101 oiersi
1195 1031 1256 1102 ἐπὶ
1279 1032 1372 1121 κακῷ

211 1137 334 1206 ἑκατόν.
356 1145 500 1223 Corruqrta
516 1142 588 1203 irrrec
604 1163 671 1206 esse
682 1161 769 1204 neum
786 1159 847 1204 non
860 1139 949 1203 ridet:
965 1141 1001 1203 de
1016 1141 1221 1204 emendatione
1236 1140 1373 1204 assentiri

213 1236 1372 1328 tinertiingiunouqrossuuqqniquumiliudquidemrcetointeiiexerit,qrroiue·

209 1343 267 1412 τόν
282 1347 503 1412 rescribendum
524 1367 590 1410 esse
605 1338 733 1423 ἕαντσό,
760 1347 859 1411 miuus
871 1356 949 1409 reete
961 1356 1058 1408 tannen
1074 1347 1104 1410 in
1117 1348 1270 1429 superine
1287 1355 1370 1428 parto

212 1437 739 1532 seirotiisirrsrproeiderlegiromit
755 1450 867 1514 Namut
878 1450 1185 1533 uceanqipsaaduue
1196 1450 1368 1532 interpreta-

212 1555 329 1629 tiuneru,
344 1565 377 1618 ut
391 1548 451 1617 ἐπὶ
472 1547 640 1640 κακότητα
661 1554 734 1618 siti.
750 1573 778 1635 q.
793 1547 961 1640 ἐκακώθη,
984 1553 1030 1616 rix
1046 1553 1181 1636 cuiquam
1198 1553 1228 1616 iu
1244 1563 1373 1616 mentem

211 1659 308 1720 uenire
337 1658 486 1740 potuisse,
516 1657 704 1722 menifestum
734 1657 852 1721 alterius
881 1657 1044 1739 scripturae
1074 1656 1214 1721 indicium
1246 1659 1375 1720 oderunt

211 1761 318 1844 aliqum
342 1761 462 1824 liesiudi
493 1762 627 1837 «cortices,
657 1761 705 1842 qui
731 1761 761 1824 iu
792 1762 840 1824 illo
869 1781 956 1824 versu
983 1781 1044 1825 nou
1070 1755 1228 1846 κακότητι
1252 1755 1298 1837 δέ,
1321 1760 1373 1823 sed

211 1857 364 1952 κακότητ’
392 1857 445 1930 i'ds
466 1876 516 1930 aut
545 1857 712 1951 κακότητα
739 1855 794 1928 i'de
822 1865 966 1946 scripturn
998 1865 1116 1929 lenirent.
1166 1865 1249 1930 lianc
1276 1875 1373 1929 eutem

213 1971 412 2052 iuquutionem
443 1965 610 2057 κακότητα
638 1960 721 2032 idcir
750 1968 947 2048 grauuuotiois
976 1967 1054 2032 idem
1081 1968 1246 2050 siguificare
1270 1969 1375 2046 risam,

39 2152 50 2176 .
136 2091 137 2096 ¹
212 2075 290 2155 quod
304 2085 350 2138 est
364 2072 572 2160 κακωθῆναι,
595 2091 682 2136 neruo
698 2072 851 2146 dubitabit,
866 2073 916 2156 qui
932 2071 1106 2148 meruinerit,
1121 2093 1146 2135 e.
1161 2093 1185 2137 e.
1200 2066 1298 2160 χόριν
1311 2064 1374 2152 tos,

213 2179 243 2240 ΙΙ.
260 2179 308 2254 xi,
332 2179 404 2254 243,
419 2199 436 2242 a
451 2180 544 2242 seirat.
559 2177 592 2241 u.
607 2177 639 2240 i..
656 2175 792 2260 explicari
808 2175 898 2239 verim
914 2169 1023 2263 όχόρη.
1051 2175 1164 2260 Neuqm
1190 2169 1274 2242 idria
1295 2195 1375 2241 uon·

211 2301 362 2366 uunquam
377 2283 478 2348 Graeci
493 2305 529 2346 eu
544 2303 632 2346 sensu
649 2283 757 2357 dicunt,
777 2301 836 2363 qne
852 2301 908 2344 nos
928 2280 1053 2344 dicineus
1074 2283 1240 2346 criairreu
1261 2282 1305 2345 rei
1321 2300 1374 2345 er·

212 2385 331 2463 leiren,
363 2397 395 2450 ut
420 2381 587 2474 κακότητα
609 2378 692 2450 idsir
718 2385 757 2450 sit
786 2384 919 2449 Unireii
946 2387 1126 2463 eriairron,
1153 2378 1251 2469 χάριν
1280 2377 1373 2464 ἰδεῖν,

212 2491 346 2554 Frende
375 2493 540 2556 erieireu:
573 2511 629 2554 nee
654 2490 761 2555 diversi
787 2489 901 2572 generis
929 2498 975 2553 est
1000 2491 1069 2554 iliud
1095 2489 1172 2573 apud
1200 2490 1374 2564 Homerum,

212 2589 369 2676 νόστιμον
383 2583 470 2682 ἦμαρ
486 2587 635 2670 ἰδέσθαι,
656 2595 724 2658 den
739 2595 808 2674 Tug
823 2595 884 2657 der
900 2593 1092 2657 ileimkeirr
1105 2592 1259 2658 oriebcn.
1284 2591 1375 2674 igitur

212 2717 326 2763 versum
342 2699 386 2761 sic
399 2699 542 2781 scriptum

345 2792 383 2877 ’ός
404 2796 556 2883 τταταητόν
577 2798 679 2890 όιιηθῇ
701 2791 854 2888 κακότητ’
875 2793 939 2880 dds,
960 2801 1071 2886 χεῖρας
1091 2793 1231 2878 όνιτττσς

213 2907 393 2990 iuter-queruli
419 2915 489 2968 snut
513 2905 544 2968 iu
571 2907 650 2969 hunc
675 2905 811 2970 modum:
836 2895 872 2982 ὃς
893 2901 1046 2987 ποταμόν
1068 2902 1181 2994 διαβῇ,
1203 2898 1373 2992 ἕκακιόθη,

165 3029 196 3080 τί
210 3013 321 3094 χεῖρας
342 3002 483 3087 dvenae
503 3031 544 3074 se.
572 3001 627 3088 τόν,
643 3011 672 3072 ir.
695 3031 720 3074 e.
742 3011 853 3096 χεῖρας
873 3005 918 3097 μη
942 3001 1204 3096 ἀπαντησόμενος,
1228 3008 1312 3072 euius
1328 3009 1374 3072 iu·

212 3117 427 3198 terqrremtiurris
452 3115 600 3178 recitarem
623 3114 758 3196 equidem
784 3125 932 3196 quaestore
958 3114 1041 3190 noio,
1068 3113 1120 3178 sod
1141 3114 1287 3196 placuisse
1309 3134 1374 3178 eom

211 3219 370 3291 nonnuliis,
385 3229 414 3282 et
429 3219 598 3301 placituram
614 3217 760 3299 hodieque
771 3219 821 3281 uui
837 3227 887 3282 out
898 3219 988 3292 elteri,
1005 3227 1084 3283 certo
1096 3219 1167 3282 scio.
1191 3218 1375 3282 Sciroiiestao

210 3332 306 3384 auteur
326 3322 413 3386 rerba
432 3323 475 3386 sie
497 3321 662 3404 retingendo
677 3331 777 3384 erunt:
797 3312 919 3385 ’Ἀλλσι
936 3317 1100 3411 γράφουσι
1115 3315 1330 3391 ΚΛΚΟΤΗΤ
1343 3331 1376 3390 1·

212 3430 282 3502 ΔΕ,
305 3422 472 3512 κακότητα
487 3412 573 3489 sino
589 3419 657 3488 κτλ.
691 3425 733 3488 De
748 3425 835 3490 uitem
849 3425 974 3490 lectione
989 3423 1147 3518 κακότητ’
1167 3423 1238 3510 ἔστι,
1253 3432 1375 3514 eiusque

211 3529 450 3614 interpretatione
469 3546 530 3593 uon
551 3547 628 3611 opus
653 3539 698 3592 est
717 3529 782 3593 diei.
826 3531 1012 3595 Aristarchus
1033 3532 1110 3597 iroud
1135 3536 1223 3599 dubie
1238 3544 1374 3599 neutram

143 3715 147 3724 1
211 3634 354 3720 probarit,
369 3633 420 3698 sed
437 3631 522 3696 obelo
538 3651 656 3698 versum
671 3634 782 3698 notarit
795 3645 919 3718 propter
938 3638 1168 3702 constructionis
1188 3639 1375 3703 insolentiam

211 3737 427 3820 sententiaeque
455 3736 674 3801 obscuritatem.
718 3737 783 3801 lieo
803 3749 901 3802 autem
926 3739 1067 3805 damnato
1092 3743 1178 3808 etium
1205 3741 1374 3826 proximum

214 3843 320 3907 serrari
338 3861 398 3906 non
414 3861 503 3924 posse
518 3841 705 3905 uronitesturu
722 3851 776 3906 est.

296 3947 356 4010 iam
370 3945 542 4028 1u=rocusitis
558 3944 604 4008 iris
617 3956 747 4009 reterum
763 3944 931 4010 criticorum
948 3947 1139 4014 notatiouiiris
1155 3959 1303 4034 quotquot
1323 3969 1375 4013 or-

214 4059 274 4113 tant
291 4049 429 4112 omnibus
448 4049 517 4112 iilud
539 4049 656 4131 quidem
676 4048 863 4112 manifestum
888 4053 933 4124 ur,
954 4052 1032 4131 quod
1053 4073 1143 4136 supra
1161 4052 1320 4136 proposui,
1339 4053 1376 4116 de

213 4151 360 4216 nonnuliis
374 4150 447 4215 iocis
462 4151 642 4234 corrigendis
657 4161 707 4216 aut
722 4151 808 4216 etiam
823 4153 1010 4217 removendis
1025 4155 1061 4218 dr
1077 4155 1112 4220 iis
1127 4156 1323 4240 disputatunu
1338 4157 1376 4220 de

214 4253 374 4318 unioribus
393 4272 462 4318 rere
481 4256 618 4318 conuiuis
639 4255 770 4338 pertibus
789 4266 840 4319 aut
860 4255 1009 4321 eiiciendis
1027 4270 1078 4323 orrt
1097 4259 1179 4324 diter
1201 4259 1373 4324 ordinandis

214 4355 376 4440 quaesitum
392 4377 456 4418 esse
471 4357 550 4420 nudo
565 4358 671 4423 indicio
687 4359 882 4440 cognoscitur,
896 4361 948 4424 sed
970 4363 1054 4444 qudo
1068 4382 1124 4427 uos
1140 4380 1220 4426 nunc
1238 4362 1375 4442 legimus,

214 4460 268 4526 trie
288 4461 376 4526 etiam
394 4459 434 4524 dii
449 4459 581 4543 teucrum
597 4472 642 4541 et,
659 4464 686 4529 si
705 4481 766 4528 non
785 4463 962 4548 probarunt,
984 4476 1063 4532 certe
1084 4467 1223 4532 tulerunt
1266 4464 1370 4550 dequo
