3106 4958
619 509 821 524 ...ι-οι...-

320 603 516 696 pomoranis
536 603 576 673 δὲ
598 601 684 685 πάις
703 601 806 688 σώζοι
828 599 1002 692 πατρώιον
1022 593 1125 686 οἶκον,

142 723 172 778 et
185 714 396 779 sententiarum
411 722 479 796 apta
493 711 672 794 compositio
686 711 789 786 eradit,
804 721 834 776 et
848 711 1023 775 scholiastae
1037 709 1112 774 ratio
1127 717 1252 772 constat

226 817 259 882 ln
281 835 400 881 ornnem
423 817 562 900 reliquam
583 815 714 898 Operum
733 823 848 896 partem
870 813 947 876 uuila
970 821 1153 876 memoratur
1173 823 1303 877 ueterum

142 920 311 984 criticorum
331 918 459 992 nuntio,
479 926 593 1000 praeter
615 934 704 981 unam
726 915 887 980 Aristarchi
909 915 945 978 ad
961 933 988 977 ν.
1003 915 1075 990 tto,
1095 915 1131 978 de
1150 935 1208 998 qua
1221 925 1303 980 aute⁸

142 1044 230 1106 quam
251 1024 318 1088 dico
341 1034 457 1104 tangam
478 1021 562 1104 prius
583 1019 742 1102 insigniora
764 1019 905 1101 quaedam
925 1017 1162 1101 interpolationis
1177 1019 1303 1102 vestigia.
1407 1023 1410 1030 '

141 1128 256 1193 lterum
273 1145 364 1191 unum
379 1125 505 1209 pertinet
519 1123 555 1186 ad
570 1142 598 1186 ν.
613 1123 685 1186 tus.
708 1123 743 1186 6:

266 1217 370 1294 Οἶνον
388 1221 449 1309 μὲν
470 1219 646 1311 πρώτιστα
668 1216 806 1307 γυναῖκα
825 1245 863 1288 τε
882 1227 964 1308 βοῦν
984 1215 1012 1288 τ’
1035 1214 1190 1311 ἀροτῆρα,

263 1323 394 1417 κτητήν,
416 1320 454 1392 cri
477 1320 627 1412 γαμετήν,
649 1321 723 1412 ἥτις
744 1320 804 1390 καὶ
824 1322 944 1408 βουσὶν
964 1320 1093 1406 ἕποντο,

141 1454 269 1520 quonam
284 1451 423 1498 versuum
438 1431 559 1496 aiterum
570 1431 607 1494 ah
619 1429 773 1493 Aristotele
787 1439 818 1493 et
831 1429 1038 1513 Theophrasto
1053 1441 1101 1495 aul
1113 1451 1176 1496 uon
1187 1432 1303 1506 lectum.

141 1543 193 1598 aut
217 1547 295 1600 certe
321 1554 383 1600 non
408 1555 464 1619 pro
490 1533 619 1615 genuino
645 1531 777 1596 habitum
799 1551 866 1595 csse
884 1552 920 1595 es
944 1534 1061 1598 alterius
1076 1535 1163 1599 l‘olit.
1195 1536 1217 1612 l,
1235 1538 1262 1610 1,
1277 1537 1305 1612 d,

142 1637 260 1703 alterius
275 1640 385 1703 Oecon.
400 1656 426 1701 c.
444 1638 457 1700 l
475 1636 646 1700 iamdudum
662 1655 678 1699 a
694 1635 763 1698 siris
778 1635 960 1699 doctissimis
978 1637 1154 1702 intellectum
1170 1650 1225 1702 est
1269 1639 1304 1702 Et

141 1739 312 1804 damnatum
336 1759 403 1802 eum
429 1758 446 1801 a
473 1737 647 1819 quibusdam
671 1735 778 1800 criticis
805 1738 896 1800 luisse
921 1739 1008 1802 ctiam
1030 1741 1192 1804 Philcdcmi
1218 1741 1303 1804 uerba

141 1841 303 1906 ostendunt
310 1841 339 1904 in
350 1840 425 1904 libro
438 1840 476 1903 iil
487 1841 524 1902 de
535 1839 611 1902 uitiis
621 1849 650 1902 et
661 1840 735 1912 virt,
746 1859 776 1920 p.
788 1841 829 1903 lli
840 1841 1003 1905 choettl.:
1017 1837 1074 1905 καὶ
1090 1845 1164 1920 πῶς
1175 1840 1305 1924 δέχεται

144 1937 389 2030 [Θεόφραστος]
425 1936 568 2026 γαμετήν
600 1931 654 2026 tp’
676 1931 843 2005 ‘Horridus
871 1936 1050 2024 λέγεσθαι,
1084 1941 1217 2008 πολλῶν
1248 1941 1306 2010 καὶ

141 2039 338 2131 φασκόντων
358 2036 459 2107 αὐτὸν
482 2037 679 2128 γεγραγὲναι
700 2037 850 2130 ,κτητήν
872 2036 911 2108 nri
932 2040 1105 2131 γαμετήν(
1128 2047 1306 2129 Namquum

142 2166 171 2209 m
180 2146 214 2210 ui
223 2158 280 2211 tos
295 2146 339 2210 sic
350 2145 489 2210 statuisse
501 2145 549 2220 ait,
563 2143 723 2208 nonnullos
736 2155 834 2208 tamen
846 2147 929 2210 aliter
939 2147 1069 2210 sensisse
1081 2149 1158 2212 houd
1170 2150 1307 2232 ambiguo

142 2249 259 2314 indicat.
303 2249 404 2332 Neque
418 2269 453 2311 ex
469 2269 521 2320 eo,
541 2247 621 2329 quod
636 2267 653 2310 a
668 2247 775 2311 Procln
791 2260 989 2314 memoratum
1010 2259 1069 2314 est:
1095 2245 1250 2335 λέγονσνν
1275 2243 1309 2316 oi

143 2347 222 2437 περὶ
249 2344 393 2434 Τίμαιον
409 2343 568 2435 Ἡσιόδῳ
589 2343 646 2412 τὸν
668 2341 898 2436 Ἀριστοτέλην
920 2345 1125 2435 πειθόμενον
1145 2350 1230 2436 μετὰ
1250 2351 1309 2440 τήν

141 2453 200 2543 τῆς
229 2450 382 2540 γυναικὸς
406 2447 558 2538 τελευτὴν
575 2443 777 2536 Ἑρπυλλίδι
804 2455 949 2518 συνεῖναι
973 2451 1015 2544 τῇ
1038 2450 1244 2545 lisposuerim,
1272 2453 1311 2538 ἐξ

141 2543 182 2643 ἧς
203 2553 304 2622 αὐτὸν
325 2557 413 2637 σχεῖν
427 2547 508 2629 etde,
525 2553 682 2636 quidquam
699 2556 826 2638 amplius
841 2558 947 2621 conlici
962 2579 1053 2642 posse
1068 2573 1200 2644 apparet,
1219 2583 1307 2645 quarn

141 2661 350 2744 interpolatum
367 2659 465 2723 locum
482 2657 539 2719 ianr
551 2656 663 2720 Tirrraei
679 2659 862 2740 temporibus
879 2659 1039 2738 tuissent.
1069 2665 1306 2746 hrguereatttrm

141 2764 397 2847 interpolationem
422 2761 510 2826 etiam
535 2768 698 2824 structume
724 2761 939 2826 inconcinnitas
959 2765 1081 2830 vitietur.
1107 2801 1150 2814 ·-
1174 2769 1303 2832 Attamen
1321 2779 1354 2834 22
1418 2762 1419 2766 ’

28 2859 31 2865 ’
142 2867 377 2950 interpolationis
392 2862 547 2946 vestigium
564 2862 690 2944 pertinet
705 2865 820 2928 adeum
836 2865 946 2944 locum,
961 2869 1010 2952 qui
1026 2879 1072 2933 est
1086 2889 1112 2934 ν.
1127 2871 1306 2946 tut—uto,

142 2973 191 3036 uhi
206 2980 290 3055 pater
305 2968 426 3034 llesiudi
443 2975 583 3051 quaestus
598 2985 686 3030 causa
706 2967 885 3032 narirulatus
906 2989 985 3048 esse,
1012 2973 1168 3056 relictaque
1185 2985 1309 3059 prepter

141 3087 343 3161 paupertatem
357 3073 451 3158 patria
466 3072 567 3137 sedem
583 3072 690 3136 Ascrae
705 3073 829 3135 tandem,
843 3072 942 3136 titisse
960 3075 1074 3140 dieitur.
1110 3079 1307 3144 hlonrorahilis

141 3193 238 3247 auteur
253 3182 289 3246 ad
315 3182 396 3245 huuc
414 3163 512 3243 locunt
537 3184 584 3240 est
610 3175 784 3240 scholiastae
806 3177 973 3242 annuntio:
988 3169 1142 3268 Ἔφορος
1164 3177 1204 3248 δέ
1223 3201 1307 3271 φησι

141 3284 257 3351 τσῖτον
283 3277 332 3362 εἷς
345 3275 495 3369 ’Ἄσκρην
519 3274 634 3346 ἐλθεῖν
654 3270 694 3344 oti
720 3270 769 3344 δι’
790 3273 968 3366 ἐμπορίαν,
1003 3275 1088 3348 ἀλλὰ
1114 3279 1219 3374 φόνον
1249 3280 1310 3369 ἒμ-

20 3469 22 3472 v
142 3384 262 3477 γύλιον
275 3379 506 3471 ἐργασάμενον.
536 3383 652 3465 Pugnat
668 3383 727 3448 hoc
740 3383 852 3465 Ephori
868 3386 1070 3452 testimonium
1086 3409 1156 3453 cum
1171 3409 1308 3454 versuum

142 3493 267 3556 istorum
283 3491 487 3575 professione,
502 3498 536 3553 ut
550 3487 682 3551 uideatur
699 3507 752 3551 cos
769 3487 815 3552 iile
834 3498 885 3552 aut
906 3509 968 3554 nun
989 3491 1094 3574 legisse
1108 3494 1139 3557 iu
1154 3493 1309 3577 qunhus,

142 3607 201 3671 σαι,
217 3595 243 3658 si
256 3595 366 3677 legerit,
379 3591 591 3676 supposititios
610 3590 746 3673 nullaque
761 3592 818 3656 iude
834 3593 941 3676 dignos
954 3595 1107 3662 iudicasse.
1120 3629 1163 3646 -
1176 3597 1263 3663 Nunc
1273 3598 1309 3662 de

141 3719 169 3764 ν.
183 3701 256 3763 tto.
268 3701 320 3764 ll.
331 3709 360 3763 et
374 3693 535 3761 hristarchi
548 3693 584 3759 ad
599 3713 667 3758 eum
681 3694 781 3759 locum
797 3695 947 3763 noudum
957 3701 1117 3765 videndum
1128 3711 1184 3767 eat.
1199 3702 1309 3766 Versus

143 3803 173 3868 hi
187 3813 272 3869 sunt:

211 4075 253 4143 et)
272 4075 529 4136 Timaeanssicalurn
550 4077 740 4150 intelligenda·
760 4097 817 4138 ctae
836 4101 885 4139 aon
908 4091 994 4157 potest
1008 4087 1127 4146 dubitari.
1157 4091 1228 4149 linae
1244 4093 1311 4150 coin

142 4161 218 4219 ctiam
233 4165 359 4218 adversus
371 4168 536 4222 aristotele·
551 4185 622 4221 more
639 4185 686 4221 auc
703 4169 870 4243 Ιοοτιμαῖον
887 4173 966 4227 laissa
982 4192 1016 4229 ex
1029 4177 1161 4232 Athenaeo
1174 4179 1240 4250 Viti,
1255 4181 1309 4252 dp.

143 4252 202 4393 ζῆ,
214 4251 320 4320 Polybio
317 4249 392 4390 ἔθη,
403 4252 428 4307 8.
441 4252 466 4319 9,
478 4253 548 4308 Said.
560 4271 582 4309 a.
594 4249 762 4330 ιἍρνστοσ.
774 4258 897 4312 rideuaa.
909 4257 948 4314 Gi.
962 4258 1078 4317 Goeller.
1095 4265 1137 4319 dc.
1151 4267 1217 4335 τῆς.
1228 4276 1257 4322 et
1268 4271 1311 4324 sit.

163 4353 266 4411 praesa.
280 4353 304 4408 p.
370 4375 377 4392 .
