3092 4964
675 539 700 548 ..
733 450 870 546 2⁰².-.

187 665 216 728 p.
233 642 305 708 603.
334 639 442 704 Eodem
458 641 571 704 rationo
586 639 751 724 Sophocles
766 640 839 704 Oed.
854 641 915 706 Coi.
932 661 958 704 v.
973 641 1036 705 '223
1057 642 1127 706 dicit
1145 638 1220 724 δίος
1242 639 1353 728 ἴσχετε

185 740 290 832 μηδὲν
310 734 362 808 tto’
382 734 486 821 αόδιῖ,
510 743 577 827 quia
597 735 683 823 ἔχειν
703 754 733 807 ct
755 739 829 822 δέος
850 744 1020 811 coalescunt
1039 745 1070 810 in
1092 749 1246 814 notionem
1273 752 1352 816 verbi

187 844 344 927 δεδιέναι,
356 857 385 912 et
399 847 497 932 puvdio
512 848 823 932 audacius,Euripidcs
838 848 868 913 iu
884 849 989 914 Bacetu
1010 869 1037 914 v.
1056 851 1153 914 1281:
1173 844 1239 936 λίγ’
1254 846 1301 933 cic
1314 849 1354 919 τό

184 948 304 1036 μέλλον
325 944 447 1038 καρδία
461 943 587 1040 πήδημ’
609 945 689 1033 ἔχει,
710 972 767 1036 pro
784 947 860 1030 δεός
873 948 1014 1040 πήδημα
1028 974 1155 1037 μουευε,
1169 966 1203 1021 ut
1217 959 1354 1022 effectum

186 1057 317 1134 timoris,
346 1057 595 1140 quemadmodum
621 1051 742 1143 τρόμος
767 1077 982 1142 saepenumero
1016 1059 1131 1124 dicitur.
1180 1061 1235 1126 Est
1267 1061 1356 1144 igitur

186 1156 204 1249 ή
229 1153 354 1248 καρδία
383 1154 524 1250 πήδημα
549 1153 616 1244 ἔχει
643 1163 661 1228 i.
683 1184 712 1246 q.
734 1155 753 1251 ή
777 1155 900 1248 καρδία
923 1159 1031 1252 πηδᾷ,
1055 1166 1306 1249 quemadmodum
1336 1147 1354 1254 ή

186 1259 311 1353 καρδία
332 1260 456 1353 τρόμον
476 1259 543 1349 ἔχει
567 1269 586 1333 i.
606 1287 634 1352 q.
658 1261 678 1356 ή
701 1261 824 1352 καρδία
845 1269 974 1353 τρομεῖι
999 1271 1079 1352 quod
1100 1289 1191 1352 quum
1215 1265 1356 1358 πήδημα

186 1383 220 1437 ut
239 1364 362 1455 τρόμος
383 1392 438 1454 pro
467 1393 517 1449 co,
546 1372 629 1436 cuius
664 1374 785 1436 etiectus
807 1381 867 1448 est,
898 1373 928 1437 h.
958 1395 983 1436 o.
1011 1394 1066 1456 pro
1097 1375 1203 1438 timor-o
1233 1376 1355 1454 dicatur,

187 1476 380 1558 consequitur
411 1477 497 1540 etiam
531 1470 672 1562 πήδημα
694 1468 781 1557 ἔχειν
812 1485 845 1538 ut
865 1468 989 1558 τρόμον
1015 1472 1102 1558 ἔχειν
1127 1480 1232 1542 eodem
1263 1498 1357 1544 sensu

186 1601 249 1663 quo
276 1573 352 1656 δίος
372 1570 458 1660 ἔχειν
484 1579 621 1661 usurpari
647 1589 677 1644 ct
705 1597 772 1642 cum
805 1579 972 1642 accusativo
994 1579 1058 1643 eius
1094 1581 1134 1643 rei
1169 1600 1258 1663 quam
1289 1583 1356 1663 quis

188 1683 274 1746 timet
298 1683 430 1746 construi
462 1702 560 1764 prosse.
608 1683 704 1747 t'ovro
736 1701 827 1763 quum
857 1683 999 1764 μοχθεῖν
1028 1684 1066 1746 sit
1099 1683 1255 1760 indurare,
1284 1685 1358 1749 liaeo

186 1785 363 1868 significatio
379 1785 477 1849 addito
493 1785 675 1848 substantivo
697 1777 933 1869 θεραπεόμαοι
957 1785 994 1848 ita
1021 1795 1217 1868 temperatur,
1247 1799 1280 1852 ut
1304 1789 1358 1852 elia

187 1889 295 1952 existat
308 1890 413 1952 hacco:
432 1885 610 1974 μοχθηρῶς
631 1881 846 1970 θεραπεύειν,
869 1888 1063 1970 quornoirvom
1079 1889 1234 1970 Euripides
1261 1891 1359 1954 dicero

191 1991 289 2073 potuit
312 1991 469 2054 Piroonies.
499 1991 594 2054 totto:
620 1978 643 2052 d
668 1983 761 2052 πόδα
793 1985 852 2054 uda·
877 1985 1072 2076 τυφλόπουν
1101 1985 1360 2074 θεραπεύμασιν

192 2087 267 2159 αίὲν
288 2086 464 2174 ἐμόχθουν.
519 2093 614 2173 dtqoc
640 2093 825 2174 passivorum
851 2111 969 2176 quoque
995 2094 1153 2156 verborum
1183 2093 1357 2174 significatio

193 2196 231 2258 ita
261 2199 360 2277 potest
388 2194 486 2258 addito
518 2193 702 2258 substantivo
729 2195 899 2277 temperari,
929 2204 960 2258 ut
989 2196 1093 2258 existat
1120 2195 1245 2259 actionis
1277 2205 1358 2260 trun·

194 2298 295 2362 eitivac
319 2297 416 2372 notio,
443 2299 519 2360 vciut
538 2297 573 2362 ad
589 2291 752 2382 τήκεσθαι
759 2342 769 2376 ,
790 2301 933 2372 consumi,
960 2297 1087 2361 siaddus
1103 2296 1230 2360 dativum
1255 2293 1358 2380 γόοις,

148 2412 178 2464 ta
197 2412 229 2465 ut
244 2403 283 2465 sit
296 2402 430 2464 toovmtis
445 2405 590 2472 conmori,
611 2398 681 2462 irinc
695 2401 778 2464 notio
797 2401 892 2465 evadit
911 2401 1092 2464 Ιοιιιυιιοιιόι·
1110 2401 1182 2463 odeo
1201 2411 1234 2464 ut
1254 2419 1360 2465 coasu-

195 2509 297 2578 morr'c,
312 2524 347 2569 ac
360 2503 484 2587 proinde
499 2503 681 2567 accusationis
691 2504 758 2566 addi
774 2504 883 2586 poterit
896 2504 1023 2578 cinerei,
1038 2523 1126 2585 quum
1139 2503 1205 2584 quis
1217 2503 1360 2568 lamenta·

194 2621 251 2682 tur‚
266 2607 516 2691 quemadmodum
531 2606 688 2688 Euripides
699 2607 771 2669 dixit
786 2606 882 2671 orere
895 2607 970 2671 850:
982 2601 1022 2671 τὸ
1031 2601 1150 2689 μέλλον
1163 2599 1361 2695 ἐξετηκόμην

194 2705 297 2795 γόοις.
336 2711 415 2775 llaec
430 2709 527 2772 omnia
544 2709 676 2791 exempla
690 2711 748 2774 troc
762 2711 839 2773 intur
853 2729 886 2772 se
901 2727 1060 2774 commune
1075 2710 1197 2784 lrabeat,
1213 2712 1293 2791 quod
1308 2732 1360 2775 ae·

193 2815 339 2879 rosativue
353 2813 521 2894 adiungitur
534 2831 596 2875 non
611 2833 627 2874 a
643 2812 731 2876 verbo
747 2813 813 2895 ipso
829 2833 864 2877 ac
878 2815 943 2876 solo
956 2833 1009 2896 per
1024 2831 1056 2876 se
1067 2805 1201 2895 spectato
1217 2814 1360 2895 pendens,

194 2920 247 2984 sed
262 2919 298 2982 ab
313 2939 347 2980 ea
362 2915 485 2981 actionis
501 2915 637 2990 notione,
658 2935 732 2998 quae
751 2915 850 2979 existit
869 2917 981 2978 everbi
1002 2935 1069 2978 curo
1086 2915 1270 2979 substantivo
1286 2935 1360 2978 con-

196 3021 359 3094 iunctiono3
372 3019 514 3082 diuorum
527 3028 624 3081 auteur
641 3018 716 3081 inter
730 3039 762 3080 so
777 3039 824 3091 co,
839 3019 920 3101 quod
936 3019 965 3080 in
981 3018 1043 3080 aliis
1061 3015 1277 3081 substantivum
1292 3017 1361 3081 iilud

195 3125 341 3188 arctioricm
357 3121 538 3184 transitivum
554 3120 675 3194 iudicet,
695 3140 770 3202 qum
790 3121 854 3202 ipsa
876 3138 929 3182 soa
950 3120 975 3182 vi
990 3121 1187 3184 accusativum
1203 3137 1304 3201 rogere
1319 3119 1362 3182 vi·

197 3227 259 3290 cieri
274 3225 384 3309 possit,
399 3233 432 3286 ut
446 3216 648 3307 θεράπευμα
662 3223 774 3304 otiaque
789 3223 928 3298 verialia,
949 3221 979 3284 in
999 3222 1062 3286 otiis
1081 3241 1142 3286 non
1157 3233 1203 3286 est
1217 3221 1361 3286 eiusmodi

197 3327 421 3400 substantivum,
438 3327 490 3389 sed
506 3327 689 3389 accusativos
701 3326 858 3390 manifesto
871 3343 932 3389 non
945 3325 1001 3389 nisi
1016 3327 1053 3389 ob
1065 3347 1098 3390 ea
1109 3327 1231 3390 notione
1246 3327 1362 3409 pendet,

198 3453 272 3516 cquae
287 3452 304 3495 e
319 3429 526 3495 coniunctione
541 3430 620 3492 verbi
635 3439 664 3494 et
678 3429 851 3494 solistarrtivi
863 3430 1020 3505 enascitur,
1036 3431 1112 3492 vetut
1126 3429 1157 3492 in
1173 3431 1290 3516 ψῆφον
1301 3423 1364 3494 θί-

198 3535 286 3600 οθαι
306 3525 404 3597 Ἰλίου
426 3527 571 3622 φθοράς.
613 3535 690 3596 Sunt
704 3533 790 3596 otiam
815 3533 899 3615 pauci
922 3533 1035 3614 aliquot
1059 3533 1125 3606 loci,
1141 3532 1171 3596 iu
1193 3531 1300 3612 quibus
1326 3551 1364 3595 ue

201 3643 273 3703 traec
291 3637 409 3721 quidem
431 3637 509 3700 verbi
531 3655 598 3699 cum
619 3635 801 3700 substantivo
822 3635 990 3700 coniunctio
1010 3637 1119 3700 suiiicit
1133 3637 1169 3700 ad
1180 3634 1363 3700 efficiendam
1426 3631 1427 3634 ’

200 3744 354 3808 notionem
368 3739 492 3806 actionis
514 3739 680 3804 transitivae
695 3759 769 3822 quae
789 3741 988 3805 accusativum
1007 3748 1102 3820 regat,
1123 3739 1175 3803 sed
1190 3737 1363 3802 adiectivunr

199 3847 286 3912 otium
301 3845 421 3928 adiungi
435 3863 556 3909 necesse
568 3853 623 3918 est,
638 3843 724 3908 vetuti
739 3843 767 3908 in
782 3845 875 3927 Soptv.
891 3844 995 3908 Etectr.
1015 3842 1109 3906 tutu:
1124 3833 1147 3929 ή
1168 3858 1206 3906 οε
1227 3837 1367 3927 λιπαρεῖ

200 3940 367 4037 προόπτην
380 3941 464 4033 pepi:
480 3968 577 4031 oeque
597 3947 677 4012 onim
697 3948 777 4013 licuit
797 3949 893 4012 dicere
912 3939 935 4035 ή
955 3965 993 4012 οε
1015 3936 1183 4032 προόπτην
1203 3938 1285 4030 χερί,
1307 3945 1365 4010 υἱεῖ

201 4055 409 4136 adiungeretur
427 4053 599 4118 adiectivom
623 4047 775 4135 λιπαρεῖ,
802 4072 874 4133 quo·
889 4051 1027 4116 adiuncto
1048 4049 1197 4114 enascitur
1215 4051 1365 4116 transitiva

202 4157 290 4222 huius
304 4157 486 4240 loquutionis
500 4157 584 4222 natio
600 4165 630 4220 et
644 4155 828 4221 constructio
842 4156 945 4220 eadem
960 4173 1034 4238 quae
1050 4153 1127 4218 verbi
1142 4150 1306 4238 λιπαρεῖν.
1323 4187 1365 4200 ·-

205 4258 343 4343 Sequitur
361 4260 522 4324 secundom
541 4260 629 4326 huius
649 4261 758 4343 tipurae
778 4277 887 4342 genus,
906 4258 943 4323 δε
963 4277 1022 4342 quo
1042 4277 1137 4341 pauca
1157 4275 1279 4322 monere
1293 4256 1366 4322 satis

204 4363 268 4428 erit.
298 4361 448 4428 Pertinont
464 4363 541 4428 enim
561 4364 621 4430 huo
637 4385 688 4430 eae
706 4361 910 4446 loquutiones,
935 4362 1030 4446 quotis
1054 4369 1100 4426 ost
1118 4381 1165 4445 ap.
1186 4360 1365 4442 Sophoclem

205 4465 341 4530 Trucirin.
357 4485 383 4532 r.
399 4467 455 4532 ὅθι
470 4463 578 4531 πολλοὶ
590 4459 651 4550 μέν
671 4458 780 4552 diruo*
794 4461 950 4530 κατεῖδον
963 4457 1028 4553 ήδη
1044 4452 1246 4550 πανδδκριό
1268 4452 1367 4547 duop-
