3092 4964
793 441 851 504 l'ld

718 527 921 542 μ

231 637 371 710 apparot,
386 643 443 709 qua
458 627 571 690 rationo
585 626 689 710 aliquis
705 617 849 709 όαίμονα
860 625 1043 710 interpretari
1054 618 1150 691 κότον
1160 623 1299 710 potus-lt
1329 627 1397 692 Non

232 730 330 812 magis
348 731 502 812 probabile
521 740 568 794 ost
587 724 646 818 νέᾳ
669 724 770 818 ῥαφῇ,
793 732 874 813 quod
895 729 941 794 illc
962 749 1017 812 pro
1038 724 1138 812 νεαρά
1159 723 1266 816 φάους
1287 732 1397 816 posuit.

231 833 337 898 Voluit
350 834 491 898 nimirum
507 853 614 898 nocam
635 833 808 898 insolentiae
832 833 1078 897 machinationem
1104 833 1270 914 significari.
1311 836 1398 918 Atqui

230 933 329 1026 ῥαφή
342 939 380 1003 do
391 939 505 1003 dolosis
516 938 682 1022 callidisque
692 938 833 1014 consiliis,
844 937 1027 1020 maximoque
1038 937 1074 1002 dc
1085 936 1272 1002 clandestinis
1283 937 1398 1014 dicitur,

231 1061 311 1126 quac
325 1043 424 1108 minus
440 1043 624 1122 insolentiae,
646 1044 674 1109 Ιι.
689 1064 714 1108 o.
732 1041 821 1108 loroci
844 1050 874 1106 ot
888 1045 1027 1126 protono
1043 1040 1157 1119 animo,
1173 1061 1261 1125 quam
1277 1043 1394 1108 iraudu-

231 1146 314 1213 lcnto
328 1169 363 1214 ac
378 1149 525 1215 malitioso
540 1149 696 1216 couuonicc
712 1149 855 1213 cilluntur.
885 1147 943 1212 Scd
960 1147 1058 1232 ipsum
1073 1146 1158 1224 illud,
1173 1148 1253 1232 quod
1269 1146 1299 1212 in
1314 1147 1397 1212 codi-

231 1251 318 1318 cibus
333 1255 476 1339 scalptum
492 1267 551 1334 ost,
567 1249 676 1345 φάους
689 1253 827 1321 contrarii
842 1252 988 1332 vocabuli,
1004 1245 1138 1328 σκότον,
1153 1251 1211 1318 iam
1227 1253 1397 1336 superiores

231 1359 380 1441 quosdam
400 1359 517 1425 criticos
535 1361 702 1436 admonuit,
722 1361 810 1442 idquc
830 1357 902 1422 mibi
927 1377 1046 1441 quoque
1069 1376 1170 1422 uorum
1191 1378 1257 1422 esso
1275 1358 1397 1422 videtur.

232 1459 295 1524 Pro
310 1456 410 1547 νεαρά
424 1465 628 1546 reponendum
644 1465 698 1528 crit
709 1456 823 1550 νεαρόν
833 1473 897 1538 aut,
913 1463 995 1545 quod
1007 1460 1079 1525 mibi
1090 1461 1189 1544 aptius
1200 1480 1266 1526 εεεε
1277 1461 1397 1538 videtur,

231 1557 358 1630 νίατον.
389 1567 442 1630 llis
457 1567 543 1651 igitur
557 1569 684 1651 receptis
699 1587 802 1632 uersus
816 1565 959 1630 babemus
974 1567 1079 1630 bosco:

435 1663 513 1734 τότε
533 1661 589 1757 d’ip*
609 1661 685 1750 τότ’,
710 1660 749 1756 ἢν
770 1666 809 1735 τό
831 1661 945 1757 κάριον
964 1661 1052 1756 μόλῃ
1073 1661 1174 1746 τέλος,

436 1766 550 1838 νέατον
570 1768 677 1860 φάους
691 1768 819 1853 σκότον,

233 1877 402 1959 pendetque
420 1877 602 1941 accusativus
622 1899 638 1942 a
659 1876 748 1941 uerbo
768 1869 893 1941 τίκτειν
912 1874 942 1939 in
962 1893 1049 1938 vorsu
1067 1873 1175 1957 primo.
1212 1873 1332 1956 licliqua
1355 1874 1397 1938 sic

233 1977 415 2042 restituenda
429 1989 528 2042 crunt:

439 2075 584 2165 όαίμονά
604 2073 665 2146 τιν’
689 2073 817 2164 ίίμαχον
839 2071 1013 2163 άπόλεμόν
1032 2071 1073 2159 τ’,

439 2174 567 2271 ἀνίερον
587 2179 718 2270 θράσος
737 2176 896 2268 μελαίνας
915 2175 1139 2268 μελάθροισιν
1160 2173 1255 2259 άτας,

437 2279 610 2369 είόομίναν
630 2285 789 2352 τοκεῦσιν.

235 2387 387 2470 inquibus
399 2388 470 2452 nibil
485 2409 501 2452 a
517 2390 667 2454 codicibus
683 2390 818 2466 discessi,
833 2390 890 2454 nisi
907 2390 987 2474 quod
1003 2389 1032 2453 ln
1047 2407 1134 2452 uersu
1146 2389 1243 2471 primo
1254 2379 1399 2470 όαίμονά

235 2479 297 2553 τιν’
309 2485 366 2574 pro
382 2482 527 2573 όαίμονά
547 2512 584 2556 τε
604 2487 663 2556 τόν
677 2493 875 2568 scribendum,
892 2493 920 2556 io
936 2494 995 2557 dno
1009 2511 1113 2554 uorsus
1132 2501 1230 2555 autom
1244 2481 1272 2555 τ’
1286 2491 1399 2557 adden·

237 2593 307 2658 dum
324 2595 385 2659 luit.
430 2595 573 2670 Codicum
588 2597 764 2680 scripturam
779 2595 913 2660 vitiosam
934 2615 999 2660 csse
1013 2595 1057 2659 vcl
1073 2594 1141 2658 binc
1160 2593 1277 2679 intelligi
1292 2605 1399 2681 potunt,

233 2697 313 2780 quod
329 2699 372 2763 sic
384 2699 429 2764 illo
444 2691 573 2784 όαίμιον
587 2700 724 2784 distingui
739 2701 853 2765 videtur
866 2721 883 2764 a
898 2699 1005 2765 montis
1021 2699 1231 2789 occaecalionc,
1247 2721 1336 2785 quam
1353 2702 1399 2766 iu·

234 2803 357 2867 solcntia
373 2804 408 2868 ad
424 2814 587 2870 extromum
604 2823 706 2888 pacem
720 2805 795 2868 dicto
807 2813 865 2880 est,
880 2823 971 2886 quum
986 2805 1112 2870 dubitari
1123 2823 1185 2871 uon
1194 2807 1290 2889 possit
1306 2805 1399 2870 tribus

236 2905 282 2970 bis
302 2909 474 2972 nominibus
493 2903 629 2987 σκότον,
652 2901 810 2989 δαίμονα,
832 2901 963 2994 θράσος
985 2897 1081 2988 άτας,
1104 2929 1193 2973 uuam
1219 2909 1400 2991 eandemque

235 3027 298 3072 com
315 3009 470 3092 designari.
501 3011 574 3074 Nam
590 3013 654 3094 ipsa
669 3010 714 3074 illa
729 3010 835 3074 montis
851 3009 1013 3073 occactatio
1028 3011 1181 3075 daemonis
1196 3011 1289 3076 instar
1300 3013 1399 3076 bomi-

236 3128 290 3175 ncs
316 3111 347 3174 lu
368 3113 527 3196 pcmlcicm
547 3113 665 3196 abripit,
686 3113 750 3195 ipsa
770 3111 843 3175 nibil
860 3111 937 3174 aliud
959 3120 1020 3188 ost,
1039 3131 1128 3194 quam
1148 3115 1217 3178 bles
1240 3114 1398 3179 tcmoaitas.

236 3213 310 3278 Post
323 3207 497 3297 ἀπόλεμον
513 3225 612 3280 autom
628 3205 722 3280 σαντ’
736 3211 907 3289 addiderim,
921 3233 956 3278 cx
971 3216 1157 3299 antistropha
1171 3217 1295 3299 patebit,
1311 3237 1398 3300 quam

236 3335 318 3384 nuuc
330 3319 495 3382 adscribam
511 3318 555 3382 sio
569 3329 601 3383 ut
615 3319 701 3382 dcbct
715 3316 907 3382 emendatam.

337 3413 430 3488 Δίκα
445 3415 482 3487 dc*
496 3416 625 3505 λάμπει
640 3415 700 3505 μὲν
714 3413 750 3486 όν
769 3414 975 3500 δυσκάπνοις
991 3415 1151 3505 όιόμασιν,
1166 3418 1223 3490 τὸν
1238 3415 1400 3489 δ’όναίσι-

437 3545 499 3609 μον
512 3517 577 3590 τίει
600 3518 691 3608 βίον·

335 3623 378 3693 τά
401 3622 439 3693 da*
458 3619 663 3712 χρυσόπαστ’
686 3619 814 3693 ίότθλα
836 3622 894 3693 οὐν
915 3619 1005 3716 πίνῳ
1026 3627 1130 3714 χερῶν

335 3725 581 3818 παλιντρόποις
601 3721 735 3796 lancis?

335 3823 485 3917 ὄμμασιν
505 3825 694 3923 όσιότροπα
716 3827 884 3922 προσέβα,

334 3932 474 4022 όίναμιν
493 3930 532 4002 mi
553 3935 699 4022 σέβουσα
720 3932 866 4004 πλούτου
889 3930 1090 4027 παράσημον
1111 3929 1212 4027 αίνῳ·

336 4039 405 4106 πᾶν
426 4033 521 4108 δ’όπί
542 4036 646 4126 τίρμα
668 4039 770 4130 νωμᾷ.

237 4142 269 4206 ln
289 4162 375 4209 vorsu
394 4147 526 4210 secundo
546 4147 663 4211 codioss
683 4141 853 4211 habentui
873 4137 1094 4232 χρυσόπαστα
1116 4139 1259 4213 δ’ίσθλά
1281 4157 1331 4213 aut
1356 4144 1399 4212 τά

235 4238 438 4330 χρυσόπαστ’
459 4240 582 4311 ludici:
604 4241 732 4316 ἔδεθλα
752 4257 849 4312 autom
873 4246 1063 4310 scribendum
1092 4269 1159 4314 csso
1184 4249 1242 4314 lam
1272 4253 1399 4314 ducatus

237 4345 376 4422 coniecit,
401 4359 632 4434 componuntque
657 4349 815 4414 Scluntaius
841 4357 870 4412 ct
894 4349 1096 4428 llcrmaouus,
1121 4361 1155 4416 ut
1176 4351 1399 4416 cuidontissimo

237 4465 348 4513 vorum.
393 4448 556 4516 Partcubm
577 4445 617 4518 όί
635 4451 791 4535 transponi
812 4469 934 4516 noccssc
954 4451 1022 4529 luit,
1042 4473 1102 4536 quo
1122 4471 1225 4519 vocaus
1245 4453 1398 4536 stropbico
