3078 4954
623 494 878 598 ,ΔΞ-

195 702 325 766 eumque
343 683 388 746 sic
405 681 560 745 convertit:
585 679 701 745 adbuc
721 682 815 745 enim
839 681 971 746 fiducia
993 681 1171 746 divinitus
1198 684 1359 749 immissa

195 795 337 849 cantum
353 783 522 864 inspirat,
542 783 740 865 potentiam
756 801 826 846 erro
840 793 938 846 aetas
954 784 1158 864 congenita,
1177 785 1316 867 additque
1331 788 1360 851 in

195 885 378 970 parenthesi:
397 885 479 966 quia
503 883 606 960 illud,
634 885 728 966 quod
754 895 970 949 narraturus
990 904 1081 962 aum,
1107 885 1185 967 ipse
1212 888 1360 952 virendo

67 1031 70 1038 ι
193 987 310 1070 attigi.
353 986 465 1050 Omitto
487 986 679 1050 durissimum
702 1005 884 1068 prorsusque
907 985 1075 1050 incredibile
1098 988 1277 1070 asyndeton:
1293 1007 1361 1052 nam

194 1088 322 1152 debebat
337 1079 440 1152 diade
456 1084 492 1152 de*
506 1082 608 1174 σῦμφ.
624 1081 707 1152 eirda
720 1089 792 1152 diei:
809 1088 913 1151 omitto
930 1089 1023 1170 magis
1038 1089 1239 1153 incredibilem
1252 1091 1361 1154 obscu-

195 1192 313 1254 ritatem
332 1191 462 1266 dicendi,
484 1201 516 1255 ut
532 1184 701 1278 σῦμφιτος
720 1182 802 1255 αἰών
821 1191 860 1253 sit
882 1189 973 1254 ritae
998 1199 1141 1272 tempus
1167 1191 1218 1255 rei
1244 1201 1362 1272 gestae

194 1293 362 1374 aequale3
376 1303 492 1358 mntem
508 1293 544 1356 de
559 1295 688 1377 potentia
703 1292 748 1356 illa
761 1311 986 1374 quaecumquae
995 1293 1153 1374 qualisque
1167 1293 1214 1356 sit
1249 1293 1363 1376 Nempe

194 1413 262 1456 eam
279 1394 436 1458 Sebr'rtzius
462 1394 607 1476 intelligit,
630 1413 721 1477 quam
747 1395 857 1458 chorus
883 1395 946 1476 ipse
973 1394 1070 1478 paullo
1096 1403 1163 1458 ento
1183 1395 1363 1476 significarit,

196 1515 291 1578 quum
306 1497 380 1560 dixit
394 1491 509 1580 κύριος
523 1485 595 1579 εἶμι
609 1496 733 1582 θροεῖν.
778 1497 864 1579 Atqui
880 1497 938 1559 lroc
957 1497 1101 1578 significat
1115 1497 1215 1580 potius
1236 1498 1288 1560 fas
1308 1505 1363 1559 eet

196 1617 250 1661 me
265 1598 397 1674 dicere3
417 1608 468 1663 ant
481 1599 507 1662 si
523 1599 649 1662 maxime
663 1608 880 1682 potestatem
897 1599 1055 1682 significari
1069 1600 1163 1675 dieas,
1182 1599 1303 1663 interest
1318 1609 1362 1662 ta-

196 1720 266 1764 men
281 1700 390 1782 aliquid
405 1701 482 1765 inter
496 1711 712 1784 potestatem
732 1711 761 1766 el
780 1701 992 1784 potentiam,
1014 1721 1109 1785 neque
1129 1721 1259 1785 unquam
1278 1703 1362 1785 quis·
1425 1723 1426 1728 ¹

195 1823 301 1885 quam,
322 1805 372 1887 qui
392 1805 510 1887 quidem
524 1824 629 1884 graece
645 1805 732 1878 sciat,
752 1805 897 1868 eiusmodi
919 1805 1041 1869 canendi
1061 1815 1240 1888 potestatem
1260 1797 1364 1869 rideris

196 1905 255 1969 dici
271 1906 404 1988 potuisse
420 1907 570 1970 concedat
614 1907 749 1982 llotlrius,
764 1907 1013 1990 quemadmodum
1029 1929 1063 1971 ex
1080 1908 1222 1972 llindorfri
1237 1919 1362 1972 annota-

198 2007 279 2071 tione
296 2009 394 2084 rideo,
414 2021 496 2088 qnam
512 2009 605 2092 ipsius
621 2010 717 2073 llotlrii
733 2010 890 2074 editionem
906 2009 1051 2092 inspicere
1066 2029 1126 2074 non
1141 2012 1257 2092 potui)
1273 2011 1361 2075 scribi

197 2205 292 2290 oleris,
310 2213 396 2294 idque
411 2213 566 2278 eonvertit:
587 2232 666 2279 nem
682 2215 798 2278 adbuc
817 2215 954 2278 viribus
977 2215 1169 2278 coniuncta
1191 2225 1290 2278 aetas
1313 2214 1362 2277 di·

198 2314 341 2378 vinitus
357 2315 513 2397 inspirat
528 2316 694 2381 fiduciam
711 2317 949 2382 canticorum:
968 2335 1063 2400 neque
1077 2316 1161 2380 aliter
1175 2317 1210 2380 0.
1227 2318 1363 2381 lldlferus

199 2418 228 2480 in
242 2418 350 2500 Seript
366 2419 472 2482 arrinor.
489 2420 501 2481 1
518 2441 546 2503 p.
560 2420 632 2497 277,
647 2421 731 2485 cuius
746 2421 818 2484 haee
832 2429 878 2484 est
892 2421 1060 2484 conversio:
1077 2420 1154 2482 deno
1167 2419 1245 2482 noch
1257 2421 1365 2484 hauclrt

200 2521 258 2584 mir
278 2521 371 2584 durelr
392 2523 571 2586 (totmtmtfe
590 2522 636 2586 die
656 2523 827 2588 errersielrt
848 2525 900 2588 dor
915 2525 1020 2588 Lioder
1039 2525 1092 2586 das
1111 2523 1164 2586 dm
1183 2523 1265 2585 lirafi
1284 2524 1364 2586 nicln

197 2623 374 2706 gestorbene
398 2625 477 2688 dltcr
500 2625 558 2689 ein.
607 2627 694 2708 Atqui
715 2627 843 2710 primum
866 2616 953 2711 ἀλκᾷ
980 2619 1147 2712 §dranceos
1173 2617 1255 2688 αἰών
1285 2626 1364 2689 nulfo

197 2727 289 2791 modo
305 2727 361 2791 dici
377 2727 472 2810 poluit
486 2737 565 2792 aetas
580 2729 681 2793 senilis
696 2731 793 2795 adime
807 2730 907 2810 vigens
923 2728 1043 2803 viribus,
1059 2727 1110 2791 sed
1126 2747 1160 2791 en
1175 2729 1294 2792 decatum
1315 2749 1364 2792 oe·

197 2840 252 2906 tas,
267 2829 313 2893 cui
329 2830 422 2894 robur
436 2841 563 2895 natura
579 2851 643 2896 sua
658 2833 778 2896 insitum
790 2841 844 2906 est,
858 2831 952 2913 equalis
964 2841 1011 2893 eat
1022 2829 1161 2904 virorum,
1176 2849 1237 2894 non
1249 2850 1364 2904 senum,

199 2933 359 3015 exquibus
375 2935 484 2999 eburna
501 2944 625 3000 constat.
669 2936 779 3000 Deinde
799 2937 920 2999 robusto
941 2943 1018 2998 octos
1035 2934 1140 2996 riulfum
1158 2943 1256 3014 potest
1271 2935 1363 3015 inspi-

198 3054 264 3098 rare
279 3035 426 3110 fiduciam,
441 3036 498 3100 nisi
514 3035 615 3100 trellum
630 3057 739 3110 menen,
756 3039 792 3102 ad
808 3057 882 3119 quaa
897 3037 1005 3100 roboro
1020 3055 1097 3115 opus
1108 3044 1162 3098 est
1186 3036 1262 3099 liuto
1279 3036 1366 3115 igitur

201 3137 309 3202 robore
324 3159 401 3221 opus
416 3148 462 3201 est
476 3139 512 3202 ad
528 3158 627 3203 rerum
643 3141 817 3203 memoriam
833 3149 921 3203 cantu
937 3135 1150 3219 repetendam?
1174 3137 1240 3199 b'on
1256 3147 1301 3200 est
1317 3157 1365 3199 ro·

202 3241 337 3318 rendum,
353 3261 389 3305 ne
405 3241 472 3323 quis
487 3240 625 3305 lateribus
642 3252 738 3307 tarrrm
755 3241 885 3304 robustis
900 3259 977 3323 opus
993 3239 1084 3303 fuisse
1100 3239 1176 3303 dicul
1190 3241 1226 3303 ad
1237 3239 1365 3305 laborem

203 3343 327 3408 canendi
342 3343 559 3427 perferendum.
606 3345 700 3408 l'orro
716 3343 784 3426 quid
801 3343 857 3407 sibi
878 3345 937 3405 uult
960 3341 1028 3406 illud
1043 3337 1193 3408 derides?
1216 3345 1259 3406 dn
1276 3363 1366 3426 pecn-

203 3443 267 3509 liori
282 3447 411 3527 quodam
426 3445 525 3510 dirioo
542 3446 650 3510 auxilio
667 3465 743 3528 epus
760 3445 813 3510 fuit
827 3447 863 3508 od
880 3445 965 3508 istam
984 3443 1130 3518 fiduciam,
1146 3465 1233 3526 quam
1249 3445 1368 3526 quilibet

202 3548 273 3612 satia
288 3549 428 3612 robustus
444 3568 477 3610 er
495 3549 561 3630 ipso
576 3549 685 3612 robore
705 3569 761 3612 suo
777 3567 882 3629 cupere
904 3545 1028 3630 posset?
1055 3546 1197 3610 llirinitua
1212 3547 1301 3612 indita
1320 3549 1366 3612 illo

201 3650 301 3733 potius
318 3651 421 3716 fiducia
445 3651 601 3726 ridebitur,
620 3651 729 3732 siquis
748 3652 855 3733 aliquid
877 3669 966 3734 supra
989 3649 1062 3714 cirea
1082 3669 1151 3713 suas
1171 3659 1258 3731 alque
1277 3651 1368 3716 robur

203 3765 300 3818 tamen
315 3755 439 3820 fidenter
454 3754 589 3838 arraeipit.
631 3755 761 3838 [lenique
778 3749 894 3819 πειθώ
908 3749 1044 3836 μολπᾶν
1058 3772 1119 3817 non
1135 3762 1233 3836 potest
1253 3754 1366 3835 signifi·

201 3875 268 3922 care
282 3857 448 3924 fiduciam
464 3859 504 3923 ad
521 3861 730 3924 eanerrdum:
752 3859 941 3941 nequeenim
957 3875 1086 3939 unquam
1102 3850 1218 3920 πειθώ
1233 3875 1299 3919 eum
1316 3877 1366 3940 pe·

201 3958 303 4023 nitirio
318 3960 359 4025 rei
374 3962 411 4025 de
427 3961 474 4026 tali
490 3960 595 4026 dducia
610 3963 727 4037 dicitur,
741 3983 798 4045 quo
814 3963 880 4044 quis
895 3964 932 4026 ad
948 3959 1166 4045 suscipiendam
1182 3978 1244 4022 rem
1259 3959 1367 4042 impel-

201 4059 279 4125 litur.
321 4063 422 4145 Neque
442 4063 530 4145 igitur
545 4063 658 4127 l'ranzii
673 4065 747 4128 ratio
763 4064 882 4146 probari
903 4072 1017 4146 potest,
1038 4064 1088 4146 qui
1104 4057 1220 4125 nardo)
1232 4059 1368 4143 μολπᾶν

203 4163 309 4227 eodem
324 4183 417 4228 sensu
430 4165 554 4239 dictum,
580 4155 683 4228 diade
703 4174 800 4228 antem
819 4166 856 4228 de
876 4166 1061 4247 expeditione
1078 4164 1178 4228 bellica
1193 4162 1311 4245 accipit,
1334 4173 1368 4226 ut

203 4253 284 4325 uide
301 4255 388 4349 ἀλκᾷ
408 4258 577 4354 σύμφυτος
597 4265 636 4328 sit
656 4275 773 4348 tempus
792 4267 861 4330 buic
880 4266 956 4330 bello
978 4267 1043 4331 fotis
1063 4267 1265 4350 praefinitum,
1285 4267 1365 4346 quod

203 4383 293 4447 quum
312 4367 447 4430 nondum
466 4365 661 4448 praeterierit,
684 4367 754 4431 binc
776 4367 912 4432 fiduciam
931 4369 1054 4433 canendi
1074 4369 1195 4434 senibus
1218 4365 1366 4449 inspirari,

204 4466 270 4548 quia
284 4477 404 4550 sperent
419 4467 530 4532 scilieet
542 4468 639 4534 adbuc
652 4469 804 4534 victoriam
825 4480 895 4552 post
909 4478 1021 4534 eertum
1044 4479 1160 4554 tempus
1173 4467 1366 4553 promissam.
