3092 4964
795 375 922 474 ...²⁴²
970 466 995 474 ..

313 566 450 648 cognosci
471 574 583 648 potest,
602 583 694 627 σννε.
706 583 744 626 ον
763 581 824 626 non
844 581 989 627 σιν..ον
1008 571 1059 626 aut
1078 580 1219 625 σννο.ον
1232 581 1299 626 csso
1313 562 1409 625 risum
1425 563 1477 624 sit:

312 690 379 734 narn
394 687 482 751 quarn
498 667 579 732 locilc
593 667 679 730 luerit
692 665 855 747 legentibus
870 666 900 728 in
915 665 1063 738 hocloco,
1084 665 1113 728 b.
1128 685 1153 729 e.
1174 684 1270 747 prope
1285 665 1379 746 ipsam
1396 665 1478 729 lacu·

312 791 391 846 nom,
412 770 479 845 lolli,
502 768 621 852 quilibet
641 769 780 851 intelligit
820 768 881 833 Nec
906 767 1004 831 minus
1025 777 1138 831 certum
1158 767 1273 832 ridetur
1291 763 1398 847 δοξῶν
1422 789 1478 852 pro

312 866 427 959 ὀργιῦν,
446 873 527 956 quod
547 871 751 953 Goettlingius,
774 880 824 934 aut
844 862 968 956 φόβων,
994 870 1078 951 quod
1095 869 1280 953 Neapolitani
1300 883 1478 954 posuerunt:

192 971 193 976 ’
313 977 495 1060 quiquidem
510 977 568 1040 boc
582 976 659 1059 ipso,
674 973 753 1058 quod
770 973 953 1057 scripserunt
968 966 1124 1052 inprimitur,
1139 973 1293 1056 vestigium
1309 974 1398 1038 unius
1413 986 1479 1039 ente

314 1102 414 1147 ο.ινν
438 1083 468 1146 in
494 1101 607 1165 poppo
632 1081 742 1146 litterae
763 1079 871 1145 deletae
897 1077 1027 1141 indicare
1049 1077 1203 1156 ridentur,
1234 1078 1312 1161 quod
1340 1079 1481 1143 indicium

314 1185 508 1266 Gocttlingius
523 1185 655 1268 neglexit.
681 1187 776 1262 Qurrn
792 1192 859 1266 spte
875 1191 972 1247 auteur
990 1179 1206 1264 coniungantur
1220 1175 1408 1264 ἐπιθυμίαι
1423 1179 1481 1247 καὶ
1504 1214 1508 1224 ·

314 1283 427 1369 δόξαι,
448 1308 509 1353 non
525 1308 600 1372 opus
616 1298 662 1352 est
677 1305 812 1352 ntoncre:
834 1305 930 1371 nequo
945 1285 1106 1368 quidquam
1128 1286 1183 1350 bac
1197 1285 1405 1352 coniunctione
1421 1287 1481 1350 lrc·

313 1393 451 1475 quentius
466 1402 520 1458 est.
550 1393 643 1457 l‘orro
658 1403 726 1456 onte
740 1391 867 1476 singula,
882 1409 957 1472 quac
972 1387 1110 1472 deinceps
1125 1389 1332 1468 nominantur,
1346 1391 1413 1455 uitio
1427 1409 1481 1455 nc-

313 1516 395 1562 ccsse
409 1507 455 1561 est
469 1516 536 1561 cum
552 1496 693 1560 adiectivo
709 1487 760 1570 [uli
778 1487 1027 1578 λαμπρότατιαι]
1054 1512 1165 1558 nomen
1192 1495 1324 1577 generale
1349 1495 1481 1578 positum

315 1601 420 1674 luisse,
442 1602 527 1682 quale
542 1600 652 1664 nullum
669 1599 766 1683 aptius
782 1597 905 1662 inveniri
920 1597 1029 1680 poterit
1044 1616 1132 1680 quam
1147 1588 1273 1662 κακίαι.
1308 1595 1484 1684 Λαμπρός

297 1704 400 1784 ειὶεαι
426 1705 455 1767 in
482 1703 588 1768 malem
614 1715 728 1788 partem
750 1702 807 1767 dici
827 1702 871 1766 rel
898 1702 987 1766 lexico
1010 1702 1126 1776 docent,
1152 1703 1334 1786 verbumque
1359 1704 1483 1782 ποιεῖν,

314 1806 500 1890 superiorum
515 1807 672 1870 verborum
693 1800 800 1886 ἐκχεῖν
817 1800 876 1869 καὶ
896 1797 1095 1889 ἀνατρέπειν
1113 1806 1227 1870 notioni
1243 1809 1422 1873 revocandae
1436 1807 1483 1870 in·

315 1911 457 1985 seruiens,
485 1910 714 1992 frequentissimi
733 1929 806 1973 usus
826 1918 880 1972 cst.
920 1910 962 1970 ill.
983 1909 1019 1972 ad
1038 1909 1111 1972 lsoc.
1138 1929 1169 1992 p.
1189 1909 1262 1973 372.
1291 1911 1422 1993 llrueger
1446 1912 1482 1975 ad

217 2047 220 2054 ²
261 2028 295 2082 tt
317 2013 439 2096 llionpt.
451 2033 480 2095 p.
494 2013 543 2076 36.
569 2006 818 2096 Περιβλὲψειαν
832 2011 898 2076 slibi
914 2031 961 2075 mo
975 2013 1069 2093 legere
1084 2031 1145 2076 non
1160 2013 1296 2078 memini:
1312 2014 1425 2078 ridetur
1439 2025 1484 2078 ta·

317 2137 385 2180 rnen
400 2117 459 2180 boc
473 2115 645 2180 vocobulum
661 2125 773 2178 certum
789 2134 863 2190 esse,
877 2125 907 2178 et
921 2123 989 2197 apto
1004 2115 1060 2178 dici
1076 2116 1112 2178 do
1126 2115 1173 2192 iis,
1188 2117 1237 2198 qui
1253 2137 1285 2180 se
1300 2118 1432 2200 conspici
1447 2116 1484 2181 ab

317 2219 487 2283 bominibus
513 2227 543 2280 ct
567 2218 753 2282 admirabiles
779 2217 870 2280 rideri
895 2218 1011 2293 volunt;
1037 2218 1230 2300 quomobrem
1250 2220 1285 2282 ad
1309 2220 1483 2303 explendam

317 2323 480 2404 proximant
496 2323 628 2385 laconum
645 2331 802 2403 cognatum
816 2321 916 2384 vitium
932 2315 1037 2406 τίφον
1051 2321 1202 2396 advocari,
1217 2315 1262 2385 cui
1278 2323 1418 2407 deinceps
1433 2342 1483 2387 oc-

316 2426 564 2490 comnrodondum
578 2425 634 2488 luit
644 2425 815 2488 adiectivum
825 2414 994 2505 ίί[το]σμος,
1007 2425 1099 2488 deleta
1111 2424 1234 2489 litterula
1247 2447 1271 2505 ι,
1282 2445 1371 2508 quant
1380 2425 1483 2490 Goett-

315 2531 422 2611 liogius
435 2530 523 2593 lralet
536 2529 567 2591 in
583 2550 622 2592 α.
633 2549 741 2610 .μοις,
758 2538 808 2592 aut
822 2551 850 2606 ν,
866 2547 941 2611 quoe
956 2528 985 2590 in
1000 2529 1259 2610 Neapolitanorum
1275 2530 1482 2612 supplemento

316 2634 547 2715 [detotndlopoeg
561 2639 720 2713 comparet
756 2631 894 2695 Neutrum
911 2631 1021 2714 liquido
1037 2631 1068 2695 in
1083 2650 1196 2715 papyro
1211 2633 1314 2697 lectam
1330 2653 1395 2696 esse
1410 2652 1484 2696 con-

316 2737 393 2811 drio,
419 2739 470 2801 sed
491 2737 615 2818 aliquem
636 2735 789 2798 lortuitum
804 2735 925 2798 ductum
940 2735 1069 2816 legentes
1086 2734 1229 2800 lelellisse.
1271 2737 1405 2802 Ceterum
1421 2757 1480 2820 quo

316 2840 420 2905 utelius
433 2840 566 2905 universa
579 2839 741 2906 tbttodemi
753 2839 897 2904 corruentia
908 2839 1111 2922 perspiciatur.
1125 2839 1290 2905 adscribunt
1305 2841 1392 2906 etiarn
1407 2861 1482 2925 «quoe

315 2963 406 3028 porro
421 2945 457 3010 ab
473 2966 508 3007 eo
521 2944 588 3009 vitio
602 2954 820 3020 renumerantur,
835 2962 962 3027 quorum
978 2944 1112 3008 omnium
1127 2945 1212 3010 lectio
1228 2946 1313 3030 plum
1328 2957 1407 3012 corta
1422 2957 1481 3012 est:

316 3045 374 3114 καί
400 3045 504 3114 πάλιν
528 3044 704 3137 ἔκστατικὴ
725 3042 827 3138 φρίκη
849 3045 938 3114 θεῶν
957 3044 1015 3115 καὶ
1034 3043 1185 3116 θανᾶτου
1211 3047 1269 3117 καί
1295 3042 1483 3138 ἀλγηδόνων

317 3150 374 3216 καί
389 3150 455 3216 τῶν
468 3148 592 3232 ταίτας
602 3147 867 3238 παρασκευάζειν
882 3149 1119 3235 δοξαζομένων,
1134 3148 1228 3233 ιῖίστε,
1244 3144 1285 3219 dv
1295 3149 1392 3242 ζῆλον
1402 3146 1484 3243 ἀζή-

316 3251 383 3318 tur
397 3251 455 3320 καί
469 3250 576 3342 φόβον
591 3249 731 3345 dpdpuv
750 3249 807 3344 ἐφ’
822 3247 860 3320 ὃν
879 3262 949 3336 (scr.
966 3249 1055 3338 ὅσον)
1076 3251 1242 3340 ἐνδέχεται
1259 3255 1419 3345 περιαιρῇ
1431 3279 1485 3335 τις

318 3351 428 3434 αἰτοῦ,
445 3355 501 3423 καί
517 3355 716 3445 ποριστικός
731 3351 827 3424 ἔσται
842 3355 900 3424 καί
915 3356 1121 3447 φυλακτικὸς
1135 3351 1181 3438 ὥς
1195 3355 1367 3449 προσήκει.

403 3461 504 3525 Finem
521 3463 635 3538 facicm,
656 3462 681 3526 si
698 3481 789 3527 unum
805 3464 902 3527 odlruc
916 3464 952 3528 de
971 3463 1150 3545 parsimonia
1164 3471 1353 3546 praeceptum
1369 3481 1483 3546 propo·

316 3582 414 3640 suero,
429 3566 509 3645 quod
525 3565 614 3629 etism
629 3566 723 3648 ipsios
734 3565 897 3631 l‘bilodcrni
912 3576 1098 3650 postremum
1113 3575 1168 3631 cst.
1214 3557 1326 3630 Φίλιον
1338 3559 1400 3648 μὲν
1412 3558 1484 3630 τοί-

316 3690 371 3732 νυν
384 3659 604 3748 ὑπαρχόντων,
620 3665 777 3758 φειστέον
789 3664 923 3751 μᾶλλον,
939 3659 983 3734 ἵν’
1000 3670 1183 3749 [εὐπορῶσιν
1198 3663 1256 3732 καί
1270 3661 1485 3755 τελευτήσαν-

315 3791 373 3848 τος
387 3777 522 3852 lolllotvt,
538 3783 611 3849 κσῐι]
624 3759 682 3840 οἷα
692 3783 808 3850 cidara
818 3767 952 3838 θετέον·
968 3763 1027 3854 oriz
1043 3767 1276 3858 [ὑῙπαρχόντιον
1287 3765 1334 3850 δέ,
1349 3767 1408 3836 καί
1418 3769 1487 3860 reiis

317 3870 576 3962 ἀικῐρμβιστίρας
589 3867 780 3960 οἰκονομίας
794 3875 1007 3955 [ἁμ]ε[ίηνί]ον,
1028 3867 1086 3956 οὐχ
1101 3867 1157 3941 dn
1170 3883 1246 3954 τῐῆΙς
1259 3872 1413 3964 perdutis:
1437 3881 1489 3960 qui

318 3981 427 4042 amicos
440 3979 531 4056 babet,
546 3980 624 4045 lunc
638 3985 733 4063 sthr'r
743 3998 872 4063 porcum
885 4000 944 4044 ινιτ
959 3983 1100 4056 corruente,
1114 3992 1147 4044 ιιι
1160 3981 1287 4062 supersit
1299 3979 1360 4043 illis
1375 3979 1486 4064 aliquid

317 4081 404 4142 ctione
418 4093 534 4147 morteto
549 4087 654 4158 carim,
669 4094 790 4166 ιιιιιιριιι
805 4083 838 4145 li
849 4085 935 4166 quusi
945 4101 1003 4166 pro
1018 4083 1118 4148 liberis
1132 4083 1307 4166 adoptandi:
1322 4087 1375 4166 qui
1387 4095 1484 4148 ονιιοι

318 4179 416 4242 nullos
440 4181 534 4255 καίνει,
558 4184 635 4249 bunc
652 4189 739 4249 etium
758 4184 938 4267 diliqcrctiorc
957 4189 1005 4250 νιν·
1020 4186 1183 4269 [auditoris
1203 4205 1279 4250 coro
1298 4186 1486 4268 πινακίοιν

319 4279 405 4352 dccet,
419 4300 480 4346 ιιοιι
494 4285 578 4348 modo
594 4287 631 4370 (κ
647 4285 767 4372 rudem)
779 4289 976 4370 parsimonie.
1007 4287 1113 4351 Utrum
1128 4279 1259 4369 ἔχωσιν,
1275 4288 1357 4369 quod
1374 4286 1405 4351 iu
1420 4289 1485 4351 edi·

318 4382 448 4447 tionibus
458 4385 570 4465 legitur,
583 4406 620 4451 an
632 4381 827 4476 εὐπορῶσιν,
839 4388 920 4471 quod
931 4407 987 4472 ego
999 4389 1129 4473 reposui,
1141 4390 1240 4454 verius
1251 4389 1300 4466 sit,
1311 4407 1373 4454 non
1385 4399 1485 4474 potest
