3106 4958
623 497 791 597 ...u-

141 687 283 770 reposuit,
294 687 480 770 aptissimum
492 687 527 750 erl
538 687 596 750 loci
607 687 779 750 sententiam
788 683 1002 766 probatumque
1013 683 1300 766 proptereabiebelin

68 771 70 776 ’
144 810 173 872 p.
192 790 407 866 conmotus
423 789 539 854 innoc
555 788 568 852 ι
582 810 611 873 p.
627 789 679 862 ιι,
695 787 860 852 carorum„
876 787 957 851 con
980 785 1030 852 oe.
1046 789 1117 852 mro.
1143 787 1206 870 tp.
1222 785 1301 861 2953

142 891 339 975 improbatum
366 903 464 956 autem
487 891 669 956 lleblbomio
696 891 849 972 nobisque.
893 891 992 973 Neque
1018 892 1097 954 enim
1123 890 1182 953 reri
1208 889 1302 952 simile

142 993 255 1058 violetur
270 995 459 1059 notissimum
472 995 593 1058 uerbum
608 1003 638 1056 et
653 993 855 1075 planissimum
872 993 930 1056 boc
948 995 1013 1055 loco
1029 993 1059 1054 in
1074 993 1163 1055 istum
1181 992 1301 1054 modum

142 1113 159 1157 a
173 1095 297 1159 librariis
311 1097 461 1178 eorrumpi
474 1096 616 1178 potuisse.
646 1095 733 1171 Quot
749 1105 846 1157 autem
862 1095 1040 1157 Abrescbius
1052 1094 1157 1156 llilucc.
1173 1093 1302 1174 Tltuepd.

143 1216 172 1279 p.
189 1197 252 1260 'llll
267 1199 486 1261 rescribendum
499 1199 613 1262 censuit
627 1194 684 1260 καὶ
705 1189 783 1276 βίον
803 1191 911 1282 χρήμῃ
927 1191 1103 1270 πλανᾶται,
1117 1195 1301 1277 repudiatum
1318 1207 1335 1258 t

142 1308 188 1361 est
201 1319 219 1362 s
233 1300 290 1363 vv.
305 1301 364 1364 bb.
387 1319 448 1364 non
468 1301 552 1364 aliam
575 1301 615 1363 ob
637 1319 768 1374 eausam,
794 1317 884 1380 quam
906 1301 974 1380 quia
993 1297 1165 1361 uocabulum
1185 1295 1305 1360 rarioris
1334 1376 1336 1380 ι

143 1421 216 1466 usus
231 1412 260 1466 et
274 1403 351 1467 nulla
366 1403 556 1466 classicorum
571 1402 750 1484 scriptorum
762 1402 933 1465 auctoritate
945 1401 1090 1464 counitum
1101 1400 1216 1464 admitti
1227 1399 1303 1482 apud

144 1504 351 1570 Archilochum
366 1524 427 1568 non
443 1525 533 1589 posse
544 1515 713 1570 macerent:
725 1507 809 1569 euius
821 1504 918 1567 iudicii
934 1503 1021 1567 nobis
1032 1505 1150 1586 quidem
1163 1503 1304 1566 rationem

143 1607 252 1671 nullam
268 1609 340 1673 satis
354 1608 490 1672 idoneam
506 1607 645 1672 habuisse
659 1609 801 1682 videntur,
815 1607 872 1670 nisi
889 1609 964 1670 lorte
978 1606 1049 1670 nibil
1063 1607 1094 1669 in
1110 1607 1157 1670 bis
1171 1616 1304 1670 vetusto·

144 1728 210 1774 mm
226 1721 380 1793 poetarum
396 1712 566 1792 fragmentis
582 1710 765 1792 probandum
781 1721 837 1784 est,
853 1711 936 1774 cuius
951 1727 1013 1773 non
1028 1709 1115 1774 etiam
1138 1711 1215 1792 apud
1230 1710 1303 1773 alios

144 1813 325 1877 conminus
350 1823 464 1876 veteres
487 1813 619 1894 exempla
645 1813 842 1876 demonstrari
861 1825 997 1894 possunt.
1046 1812 1112 1875 Non
1132 1823 1209 1875 extat
1234 1830 1304 1876 sane

143 1909 248 2002 χρήμη
271 1915 444 1979 vocabulum
459 1915 516 1978 nisi
534 1915 612 1996 apud
628 1933 720 1978 uuum
744 1925 936 1996 personatum
953 1914 1134 1977 llerodotum
1153 1915 1203 1977 vit
1218 1915 1304 1979 llum.

145 2037 170 2081 c
200 2019 252 2082 13:
285 2015 351 2082 τῶν
374 2013 577 2100 βουλευτέων
608 2011 667 2080 ἕνα
692 2011 823 2100 λέγεται
853 2011 1097 2102 ἐναντιωθῆναι
1124 2013 1166 2102 τῇ
1198 2011 1305 2105 χρήμῃ

105 2123 108 2134 ’
145 2110 260 2201 αὐτοῦ,
287 2121 415 2204 itemque
443 2141 506 2203 capt.
536 2123 589 2185 tt:
618 2116 696 2196 τούς
721 2113 983 2198 ἐναντιωθέντας
1003 2115 1120 2204 λόγοις
1140 2117 1182 2209 τῇ
1201 2117 1306 2209 χρὴμῃ

145 2215 255 2304 αὐτοῦ,
278 2244 365 2308 quem
381 2225 478 2289 locum
494 2225 601 2289 Suiolas
616 2225 748 2290 excitans
762 2219 1106 2312 ppp'pprinterpretatur
1118 2217 1231 2312 χρείαν
1251 2223 1307 2290 καὶ

144 2315 280 2390 unirer:
302 2346 363 2394 non
383 2340 479 2394 autem
505 2329 637 2393 adducor
655 2338 688 2392 ut
706 2330 823 2392 credam
839 2329 1016 2412 scriptorem
1038 2329 1142 2404 istum,
1162 2347 1254 2411 quum
1275 2349 1308 2392 se

145 2429 326 2495 Herodotum
343 2433 479 2496 simulare
495 2432 589 2508 vellet,
604 2432 744 2496 uocabulo
760 2451 884 2495 usumin
898 2433 999 2506 luisse,
1014 2435 1094 2515 quoii
1112 2452 1173 2496 nnn
1190 2447 1268 2497 certa
1281 2443 1310 2497 et
1442 2487 1446 2496 .

146 2543 258 2598 uetusta
273 2537 444 2600 auctoritate
459 2535 616 2618 pmbotum
632 2545 719 2598 esset
750 2535 837 2611 Quod
852 2545 951 2598 autem
967 2537 1086 2610 Solios,
1102 2547 1152 2599 urit
1167 2537 1203 2610 is.
1220 2555 1309 2618 quem

148 2635 254 2701 Sullas
269 2638 444 2720 compilavit,
458 2639 538 2702 illum
554 2656 647 2701 unum
663 2647 767 2702 testem
783 2637 859 2712 citat,
873 2639 964 2702 nolim
980 2639 1047 2701 imle
1058 2638 1152 2721 colligi
1164 2657 1310 2722 nusquam

148 2736 214 2800 alibi
225 2739 282 2803 boc
296 2741 469 2806 vocabulum
484 2741 521 2804 ab
536 2761 572 2804 eo
589 2741 738 2804 inventum
753 2759 828 2802 esse.
866 2741 998 2804 Primum
1014 2741 1091 2804 onim
1106 2761 1197 2824 quum
1213 2743 1308 2824 scrip·

93 2833 95 2838 ’
148 2851 242 2905 torem
258 2841 339 2906 illum
354 2845 430 2907 liaucl
446 2843 534 2907 dubio
548 2843 729 2907 ilerodotum
745 2845 843 2926 ipsum
855 2863 921 2906 esse
931 2845 1070 2921 recoleret,
1086 2845 1154 2927 qiriil
1167 2865 1244 2928 opus
1257 2845 1310 2908 luit

149 2963 209 3008 uno
236 2955 310 3010 testo
334 2946 565 3031 locupletissimo
586 2948 673 3011 citato
696 2947 782 3010 etium
805 2946 878 3010 alios
899 2947 1028 3012 actito-et
1054 2947 1121 3011 «lein
1140 2967 1178 3012 nc
1197 2959 1308 3013 certum
1354 3007 1356 3010 .

149 3049 267 3131 quidem
286 3059 345 3127 est,
364 3051 476 3116 nullum
495 3061 644 3134 praetcrea
668 3051 787 3115 allatum
806 3072 882 3114 esse.
927 3051 1000 3115 b'am
1022 3051 1164 3116 excidisse
1177 3053 1311 3116 nonnibil

149 3164 220 3235 post
244 3153 290 3218 illa
314 3156 465 3237 personati
492 3154 632 3220 lierocloti
657 3155 744 3218 sorba
770 3152 868 3238 ipsum
893 3155 1001 3218 Suitloc
1025 3156 1122 3219 locum
1149 3155 1312 3239 inspicienti

150 3257 336 3321 manifestum
363 3261 427 3322 bet:
453 3268 482 3322 et
506 3278 597 3342 quum
623 3252 749 3346 χρήμην
773 3278 827 3340 per
851 3251 963 3343 χρείαν
988 3269 1017 3322 et
1036 3255 1160 3324 σπάνιν
1181 3260 1312 3341 explicet,

151 3360 271 3424 alterum
292 3371 370 3426 certe
389 3362 612 3445 explicationem
628 3384 663 3427 eu
680 3362 820 3426 lleroiloti
840 3362 906 3426 loco
921 3363 1039 3426 haurire
1062 3382 1122 3427 non
1143 3363 1255 3445 potuit:
1275 3363 1312 3424 ibi

151 3463 230 3526 enim
248 3459 355 3552 pppp'prp'
370 3471 535 3548 petitionem
549 3465 706 3547 signilicat:
722 3465 775 3528 scd
791 3465 907 3529 aliumle
922 3467 1068 3548 cognitam
1081 3467 1190 3530 babere
1204 3466 1314 3529 olebuit

95 3579 97 3582 ·
151 3565 234 3629 Nulla
255 3567 343 3646 igitur
368 3587 454 3632 causa
480 3591 546 3632 esse
572 3569 699 3646 videtur,
724 3589 777 3632 eur
797 3570 866 3632 illuil
894 3568 1068 3632 uocabulum
1088 3571 1125 3632 ab
1140 3570 1315 3633 Archilocho

151 3680 327 3750 usurpatum
342 3689 410 3733 esse.
428 3689 585 3751 negemus;
611 3691 702 3753 quum
722 3673 896 3754 praesertim
918 3672 1039 3735 totidem
1059 3673 1144 3754 plane
1162 3672 1266 3736 litteris
1285 3673 1316 3734 iu

152 3770 302 3835 codicibus
313 3773 457 3856 scriptum
469 3784 556 3849 extet,
572 3793 748 3858 quamquam
760 3775 789 3837 in
800 3776 873 3837 ‹luas
885 3777 1004 3838 voculas
1015 3776 1202 3839 librariorum
1215 3793 1316 3838 errore

153 3874 342 3956 diremptum.
387 3875 449 3938 licit
474 3875 562 3956 igitur
585 3868 664 3959 βίου
684 3870 789 3961 χρήμη
816 3881 907 3939 uictus
932 3879 1104 3958 indigentia:
1130 3887 1218 3958 atque
1244 3878 1317 3940 baec

153 3976 273 4058 propria
293 3988 340 4040 est
358 3978 488 4042 vocabuli
512 3973 620 4064 χρήμη
646 3977 835 4059 significatio,
856 3975 933 4042 unde
953 3981 1041 4042 altero
1060 3980 1121 4052 illa,
1140 3998 1215 4061 quae
1237 3979 1314 4062 apiurl

153 4077 472 4143 Pseudo-Herodotum
484 4090 539 4154 ost,
551 4080 685 4143 lucillime
695 4081 789 4153 linxit,
800 4081 1048 4162 quemadmodum
1061 4081 1148 4145 etiam
1157 4092 1315 4164 cognatum

153 4179 325 4244 uocabulum
349 4173 445 4266 χρεία
469 4201 531 4244 non
557 4183 648 4245 morlo
677 4179 737 4268 τὴν
758 4173 899 4259 ἔνδειαν,
928 4183 979 4247 sed
1003 4183 1091 4247 etiam
1115 4180 1176 4270 τήν
1202 4179 1315 4272 δέησιν

154 4280 305 4362 siguificat.
349 4281 514 4365 Thucydi
528 4284 580 4347 37.
609 4285 758 4349 Plutarch.
773 4286 869 4351 Crass.
888 4287 936 4350 tt.
968 4285 1056 4360 Quod
1071 4297 1170 4350 autem
1185 4287 1315 4350 dativum

153 4383 332 4449 Abrosciiius
346 4387 474 4468 reponit,
487 4388 672 4452 necessarius
687 4406 758 4453 sane
772 4393 819 4453 es't
832 4389 882 4454 bic
894 4407 991 4460 usus,
1007 4389 1034 4452 si
1055 4389 1199 4472 reliquum
1218 4391 1318 4454 locum

14 4569 16 4580 ‚
154 4485 358 4570 incorruptum
372 4507 440 4552 csse
457 4498 580 4566 statuas,
594 4509 691 4572 neque
704 4509 761 4555 nos
777 4491 806 4553 id
825 4492 863 4556 ita
882 4511 951 4554 esse
970 4491 1157 4572 negabimus,
1178 4493 1316 4575 quanm·

1066 4595 1113 4658 5·
