3106 4958
632 561 648 570 ..
718 473 739 536 9
821 565 828 572 ,

151 653 273 736 copiose
297 656 443 741 disputata
460 659 644 742 legeremu,
668 681 730 728 noo
753 683 825 729 saue
849 661 1035 728 mediocriter
1057 679 1106 724 me
1128 662 1311 722 mmmotum

151 761 335 826 assolatum.
373 763 447 827 Natu
464 763 591 846 plttrima
606 765 704 829 iocoso
720 767 864 841 ridebam,
884 769 921 830 do
940 784 1066 849 «paronam
1081 763 1199 825 cantato
1218 775 1313 838 aequm

152 882 207 942 ego
223 862 386 930 dubitarem
401 886 497 950 nequo
511 868 637 934 dubitari
654 871 691 934 ab
705 871 770 934 allio
785 891 875 954 prosae
891 871 1059 933 italicarum.
1093 865 1138 928 ,tu
1153 863 1199 926 lais
1214 871 1312 924 anum

152 965 198 1028 illc
213 969 363 1062 proiectus
378 970 453 1034 riam
469 971 524 1037 sibi
540 973 665 1037 muniuit
684 975 720 1038 ad
735 975 802 1050 alia,
817 994 892 1056 quae
907 973 1005 1036 nrirnm
1021 973 1050 1034 in
1066 971 1204 1032 coralesao
1219 977 1313 1036 orant,

151 1069 313 1150 probanda,
329 1072 527 1156 orantibusque
541 1075 639 1148 robus,
660 1097 734 1159 (patae
749 1097 853 1142 causam
868 1097 938 1140 atrae
952 1076 1049 1160 aliquo
1065 1074 1154 1137 modo
1171 1071 1314 1152 prodesse

152 1184 289 1252 pressent,
309 1195 427 1240 sumrrra
446 1197 514 1241 curn
533 1179 682 1262 diligentia
702 1181 829 1246 collectis
849 1192 879 1244 ot
898 1182 929 1245 iu
949 1199 1010 1244 uno
1029 1185 1191 1258 oottspoctu
1205 1171 1347 1254 position

152 1275 288 1338 :assentiri
309 1277 364 1340 sibi
386 1281 526 1344 lectorem
546 1285 771 1364 quodammodo
790 1286 894 1367 coegit.
937 1285 999 1364 Ego
1015 1292 1091 1344 certo
1106 1279 1149 1341 sic
1164 1297 1212 1340 nac
1226 1277 1314 1338 allec·

152 1389 214 1438 tutu
226 1377 302 1442 inter
313 1381 469 1460 legendum
483 1385 657 1451 aetatiebarn.
688 1387 791 1451 Posito
804 1399 900 1450 marren
915 1386 989 1448 libro
1001 1402 1091 1465 quum
1103 1381 1140 1443 ad
1153 1381 1315 1443 llorummu

152 1479 251 1561 ipsum
266 1483 407 1560 redirem,
427 1488 535 1552 natdtao
553 1507 659 1554 narnus
679 1509 712 1555 oo
727 1490 887 1554 offerebant
905 1486 1058 1552 dubitandi
1077 1504 1198 1554 caueae,
1220 1500 1317 1562 nepam

151 1584 253 1647 andem
278 1605 379 1650 rerum
408 1590 495 1653 lacios
520 1591 671 1658 ridebatur
695 1595 725 1657 in
752 1594 849 1657 iliadis
874 1603 1026 1664 contextu,
1055 1609 1129 1672 qtrao
1155 1586 1261 1650 tota-sa
1287 1585 1316 1646 iu

151 1685 290 1751 Nitzseltii
310 1689 517 1772 disputatione.
566 1695 609 1758 aa
628 1698 733 1760 nauita:
754 1696 901 1760 assentior
919 1695 981 1758 tiro
1001 1691 1174 1756 «iunctissime
1193 1690 1230 1752 de
1249 1687 1315 1751 artri·

116 1836 120 1842 .
153 1807 234 1853 veroa
253 1791 350 1855 iliadis
370 1797 589 1875 compositione
609 1799 750 1864 ltaoteuuc
771 1811 863 1874 certe,
890 1811 921 1863 ut
941 1797 1065 1862 sindlom
1084 1794 1230 1878 quandam
1251 1810 1315 1854 oar·

153 1891 241 1955 artinis
261 1894 509 1976 descriptionem,
529 1918 619 1980 apuam
640 1920 714 1982 tpuao
734 1923 750 1965 a
770 1903 918 1966 Nitascbio
934 1901 1084 1980 ‹lenigatata
1103 1909 1161 1966 oet,
1180 1915 1249 1957 eum
1269 1894 1316 1956 tali

152 2006 327 2074 remorarentur
343 2017 517 2078 surtamaquc
528 2000 673 2064 aetateutia
688 2005 774 2068 ctiam
791 2005 895 2068 ceteris
906 2013 1010 2086 proretae
1020 2003 1119 2063 arriano
1131 1999 1317 2060 ‹tta-aaaron
1422 2057 1425 2064 ,

153 2093 245 2158 luisse
263 2098 395 2172 caudatam
417 2118 478 2162 non
497 2101 645 2165 naucratim·
664 2112 762 2167 nubant
782 2105 820 2167 dc
834 2124 953 2168 ourttruo
973 2103 1172 2182 curantibusque
1187 2097 1318 2160 tritanu-ris

153 2198 291 2260 arlrsoluto
318 2201 546 2281 conpositionis
571 2203 705 2266 attiliciu.
753 2206 829 2268 liam
855 2226 947 2287 quum
969 2203 1135 2266 Nitambius
1161 2199 1321 2264 irateruieao

153 2299 272 2379 quidum
293 2311 411 2382 poetam
431 2301 512 2365 lliadi
533 2304 658 2367 aliorum
679 2308 809 2370 earnriua
829 2318 880 2370 aut
895 2307 1056 2370 carrnlnum
1074 2316 1170 2385 partos
1191 2306 1321 2372 fateatur,
1402 2343 1405 2348 -

154 2420 255 2464 vortam
276 2403 319 2465 sio
333 2423 400 2467 oum
418 2405 491 2468 baec
506 2407 605 2468 anania
620 2407 781 2471 intonuisse
797 2420 944 2482 autumet,
965 2419 996 2471 nt
1010 2425 1134 2488 prorsus
1150 2424 1202 2467 ¹eua
1219 2409 1323 2465 tierent
1414 2387 1417 2394 ⁴

153 2516 182 2565 et
196 2504 232 2565 nd
249 2505 339 2567 totius
359 2506 496 2570 carminis
516 2519 721 2588 argumentum
737 2520 766 2573 ot
789 2511 945 2574 cottsilium
961 2510 1045 2592 plane
1059 2507 1323 2570 amtunrnodaum·

154 2615 214 2679 tur,
231 2627 287 2687 ego
303 2617 488 2672 catumeum
505 2611 666 2674 intonuisse
685 2614 827 2675 nonnulla
842 2614 969 2678 arbitror
985 2612 1072 2673 etiam
1088 2609 1187 2672 minua
1202 2627 1323 2670 acrom-

155 2709 281 2782 tuotlata,
299 2729 426 2790 «paronam
442 2713 522 2788 loco,
541 2712 567 2774 ai
583 2723 678 2777 totum
694 2733 817 2777 utrantou
833 2715 896 2797 ipso
911 2714 1090 2784 laciendum,
1110 2731 1169 2774 raon
1185 2711 1273 2772 etiam
1289 2729 1324 2770 err

153 2811 255 2874 alienia
282 2813 520 2878 concinnandum
550 2817 745 2898 susmpissot,
776 2816 831 2878 adia
857 2821 983 2880 tortasse.
1009 2816 1120 2896 aptiora
1150 2815 1324 2892 lagerernus.

153 2913 221 2978 Non
237 2914 274 2977 do
290 2915 394 2980 catinos
411 2917 526 2998 loquor,
542 2937 616 2999 ‹puao
633 2928 772 3001 tauquam
790 2919 915 2984 insiticia
929 2929 958 2982 ct
973 2917 1155 3002 compositae
1170 2917 1227 2978 iarn
1244 2915 1326 2978 lliadi

153 3018 190 3080 ab
210 3017 473 3099 iabtmtolatorlbus
495 3021 594 3084 addita
620 3021 733 3084 eludunt
754 3022 798 3083 tol
819 3023 856 3086 ab
875 3022 938 3084 aliia
958 3022 1000 3084 rel
1025 3021 1062 3082 ab
1087 3020 1153 3100 ipso
1174 3016 1327 3080 b'itzsclaio

153 3131 348 3198 anonumum,
364 3123 473 3206 quibus
489 3125 612 3189 resumtis
626 3143 686 3189 nnn
702 3126 834 3189 allinitur
849 3127 901 3188 aod
917 3123 1080 3188 oarrreulitur
1094 3120 1234 3185 orarattinia
1250 3120 1328 3184 inte·

153 3223 262 3306 gritati3
278 3227 329 3291 ocul
345 3247 410 3291 esso
422 3229 565 3310 quasdam
583 3227 723 3292 carentinis
739 3239 840 3310 portatos
853 3227 899 3291 aio
915 3227 999 3310 prlaue
1015 3222 1194 3290 ttemeeariaa
1209 3234 1239 3286 et
1253 3244 1330 3306 «patae

152 3329 276 3393 resecari
296 3330 374 3394 solra
393 3331 574 3414 reliquarum
595 3349 740 3413 compago
760 3349 825 3394 non
845 3350 936 3412 posse
950 3337 1100 3412 appareat,
1120 3347 1215 3410 neque
1230 3337 1332 3390 marton

153 3432 237 3508 tales,
264 3435 365 3515 ‹pualcs
391 3454 458 3498 cese
484 3433 639 3498 deberent.
687 3434 852 3517 Complura
877 3433 963 3496 lartius
989 3431 1105 3514 generis
1131 3432 1186 3494 lator
1207 3431 1245 3494 ab
1265 3431 1332 3494 aliis

153 3536 355 3600 atdnradtcrsa
374 3549 458 3603 cunta
479 3559 535 3620 ego
557 3555 643 3600 nunc
662 3535 693 3599 in
713 3535 749 3599 iis
772 3557 822 3599 turo
842 3535 1014 3609 continebo,
1034 3535 1063 3599 in
1079 3533 1188 3616 quibam
1203 3533 1274 3607 iata,
1294 3535 1334 3598 dc

123 3684 126 3696 .
151 3657 210 3719 qna
230 3638 327 3703 dicere
347 3641 444 3723 coepti,
471 3639 629 3706 reticentia
649 3639 841 3720 agnoscenda
865 3638 934 3712 erit,
960 3639 1018 3702 ltoc
1035 3646 1082 3701 cst
1100 3637 1149 3700 nbi
1171 3657 1232 3701 nou
1252 3639 1334 3702 dicta

152 3742 230 3820 eunt,
245 3761 319 3826 quae
334 3744 457 3809 dicenda
473 3743 569 3808 luisse
585 3741 752 3804 adoleantur.

238 3845 358 3912 bibrum
384 3846 552 3913 occandum
580 3841 689 3924 legonti
715 3859 837 3922 comper·
861 3841 930 3903 illud
956 3840 1026 3903 mihi
1049 3841 1211 3922 permirum
1234 3842 1334 3906 visuum

151 3955 205 4022 cet,
220 3951 301 4032 quod
317 3951 405 4015 simul
417 3960 507 4034 atquo
519 3951 709 4012 Graecorum
722 3939 877 4025 copiaecx
893 3943 998 4006 caetris
1014 3943 1043 4006 in
1059 3961 1196 4025 muratum
1208 3947 1337 4010 eductae

150 4063 229 4128 sunt,
243 4055 341 4119 statim
356 4059 444 4121 etiam
462 4051 588 4118 Troiani
605 4047 680 4112 urbo
695 4045 795 4111 relicta
807 4045 843 4107 ad
860 4044 1002 4126 proelium
1019 4047 1190 4126 procedunt,
1206 4048 1236 4112 id
1251 4051 1337 4132 quod

150 4163 233 4220 anm
248 4177 400 4242 nunquam
416 4161 513 4223 taoem
529 4151 614 4220 soliti
629 4159 725 4216 crant.
769 4147 844 4210 ttam
860 4157 929 4228 post
943 4147 1072 4229 primum
1087 4149 1157 4214 iilud
1173 4161 1338 4230 certamen,

139 4436 141 4440 -
219 4399 244 4466 d)
264 4400 311 4452 llio
323 4393 497 4470 Segeapooaio
510 4403 561 4452 det·
573 4397 707 4452 Grieelten
720 4391 826 4444 lritiaolt
838 4391 996 4452 damratellt.
1011 4393 1038 4443 li.
1054 4393 1076 4444 l.
1109 4392 1156 4446 ttto
1168 4396 1338 4452 llomerimho

151 4479 346 4558 limrtepopooo
358 4487 384 4541 ia
397 4487 546 4542 melonum
558 4475 688 4538 Theorie.
726 4475 887 4529 anaante.
908 4473 982 4528 185².
