3106 4958
636 391 836 492 .-.³2-

157 599 311 645 enarrasse
326 578 474 662 putandos
488 587 534 641 est
549 576 578 641 in
594 576 748 656 Catairqis.
794 579 861 642 Non
872 579 966 662 magis
980 589 1187 660 argumentum
1204 591 1319 660 tragoe-

160 685 224 747 diae
238 683 434 766 praebuerunt
448 699 521 763 quae
536 682 573 743 de
587 680 724 761 Tirumpri
738 680 775 742 air
792 681 930 750 iiorrrero,
947 683 978 744 ΙΙ.
993 683 1026 754 ΙΙ,
1042 683 1103 744 595
1125 694 1153 745 et
1175 683 1320 765 proximis

157 787 286 869 rprdnquo
301 785 432 849 rorsilrus
448 801 509 846 non
524 796 689 852 narrantur.
706 783 758 844 aad
773 785 968 864 attinguntur:
984 805 1077 866 noque
1094 785 1180 866 igitur
1193 785 1319 849 duldtari

157 899 258 972 potest
272 891 344 971 quin
367 887 454 951 iruius
476 905 595 968 quoquo
615 885 728 948 salsulae
747 887 822 948 aiios
837 887 1000 969 Sopiroeios
1020 899 1155 950 auctores
1176 889 1319 966 hainuerit,

159 993 299 1076 iiinpadis
323 994 448 1055 [anasse
474 999 605 1070 poetam,
631 1007 718 1069 quem
739 989 776 1051 de
795 990 933 1072 'iirampri
954 1009 1089 1054 namasse
1113 1011 1147 1054 es
1174 990 1318 1054 Pausania

157 1105 281 1169 constat,
295 1095 341 1169 iv,
357 1094 407 1165 33,
424 1094 453 1156 7.
487 1092 582 1155 Porro
597 1092 715 1174 Sisyphi
727 1103 933 1172 argumentum
946 1093 1011 1173 quis
1027 1094 1125 1156 caniet
1139 1113 1173 1155 er
1186 1094 1315 1157 Homero
1336 1104 1365 1156 tt

157 1208 309 1283 sumptum
326 1195 415 1260 essai
443 1195 493 1279 qui
510 1195 579 1258 nihil
592 1195 648 1258 uisi
663 1213 756 1275 porrus
771 1196 834 1259 eim
846 1196 962 1260 duobus
976 1197 1121 1270 versibus,
1136 1197 1167 1260 ΙΙ.
1183 1199 1229 1270 i'i.
1249 1199 1316 1262 153.
1379 1227 1386 1248 κ

158 1307 188 1379 4,
218 1319 401 1387 parmamque
434 1301 510 1383 oqrtrd
541 1301 651 1363 interos
681 1298 816 1362 rersiims
848 1301 915 1364 item
946 1301 1147 1384 paratissimis,
1183 1303 1238 1364 tut
1268 1303 1317 1376 ΧΙ,

158 1407 336 1480 ant-ndu,
357 1414 514 1473 arrarmrat.
535 1405 608 1468 iacta
628 1413 724 1466 auteur
746 1401 809 1466 eirea
828 1417 878 1468 aut
895 1416 1008 1474 oreada.
1028 1426 1102 1488 quae
1122 1407 1151 1470 in
1172 1406 1318 1488 tragoedia

157 1511 368 1596 repraesentari
382 1507 541 1593 potuerint.
556 1509 634 1572 noda
649 1527 774 1591 prorsus
791 1509 884 1572 tradit.
929 1510 968 1574 lie
984 1510 1145 1593 i’irrppiirus
1161 1513 1317 1593 Sophoclis

158 1618 227 1682 nihii
254 1615 412 1698 quidquam
433 1613 555 1676 relatum
576 1622 637 1684 est,
664 1612 742 1674 urtde
769 1613 935 1676 coniectura
955 1616 991 1676 de
1010 1627 1184 1695 aequoreum
1208 1617 1318 1680 tannae

157 1720 220 1803 capi
241 1719 350 1801 possit,
367 1727 396 1778 et
414 1717 480 1778 lieet
497 1715 584 1778 suerit
603 1715 639 1778 de
662 1733 766 1794 genere
786 1715 974 1791 Tuticanum,
1001 1719 1108 1799 pariter
1127 1728 1160 1782 ut
1179 1721 1317 1802 uoq-ses,

157 1823 240 1886 euius
260 1830 376 1901 praeter
395 1817 511 1880 titulum
535 1817 606 1878 nitri!
627 1815 778 1889 aerianus,
804 1827 901 1879 marren
926 1829 1067 1898 quantum
1094 1822 1258 1900 argumenti
1282 1841 1317 1884 rx

159 1926 305 1994 diomero,
331 1929 474 2002 quantum
492 1936 528 1978 ex
547 1916 610 1978 aiiis
632 1915 727 1996 pomis
747 1917 867 1980 «luctum
887 1919 940 1992 sit,
959 1921 1027 2001 quis
1052 1923 1170 1984 taudem
1190 1922 1318 1984 diuinare
1429 1989 1432 2002 Ι

158 2023 289 2109 poterut
318 2024 391 2085 Nam
410 2021 447 2084 de
466 2021 577 2100 utaque
595 2027 817 2099 expugnataque
837 2021 899 2082 eius
918 2022 992 2083 urbe
1010 2033 1038 2084 et
1057 2031 1139 2104 rapu
1166 2043 1182 2084 a
1202 2021 1319 2085 Graecia

159 2129 216 2192 idia
232 2144 374 2210 perquam
389 2121 511 2203 eopiosa
522 2121 608 2183 etiam
623 2119 653 2182 in
665 2120 778 2201 Cppriis
793 2133 941 2185 narratum
958 2125 1049 2187 tuisse
1060 2143 1119 2187 nen
1131 2125 1253 2188 dubium
1265 2135 1321 2198 est

158 2231 237 2295 undo
252 2247 361 2292 nornen
377 2243 494 2308 quoque
506 2222 589 2292 tiliae,
600 2223 636 2284 adr
651 2222 781 2285 liemaro
796 2242 857 2287 nora
873 2237 1078 2300 memoratum,
1094 2228 1319 2309 Hippodamiam

159 2331 339 2418 grammatioi
356 2331 525 2392 hauserunt
570 2326 692 2388 iiustmu
711 2325 747 2388 de
767 2328 941 2408 Sophocleis
961 2329 1102 2393 Nausicaa
1123 2341 1151 2392 et
1163 2329 1319 2404 Piraeaeeu
1411 2348 1417 2364 ·

160 2457 233 2520 quaa
248 2437 292 2499 rir
305 2433 498 2498 doctissimus
518 2429 657 2511 satyricae
680 2429 769 2490 inisse
783 2439 928 2494 autumat:
948 2453 1007 2514 quo
1023 2433 1101 2505 iure,
1121 2434 1185 2516 ipse
1204 2434 1319 2496 viderit:

160 2541 211 2604 sed
227 2539 253 2601 si
274 2541 394 2602 fuerunt
412 2535 564 2616 satyricae.
584 2531 630 2593 ria
645 2532 680 2593 ad
698 2532 772 2595 nano
790 2535 991 2612 quaestionem
1009 2535 1168 2618 pertinent,
1190 2537 1237 2600 sin
1260 2546 1319 2599 tra·
1439 2575 1443 2582 ·

161 2642 282 2724 poediae
307 2643 440 2710 fuerunt,
461 2645 596 2716 totaeque
616 2653 650 2695 ex
666 2633 797 2715 Oeipssea
812 2637 926 2712 «iudae,
952 2673 993 2685 -
1012 2640 1091 2718 qued
1107 2649 1205 2702 mmen
1220 2641 1318 2720 ipsum

161 2747 388 2826 haudquaquam
411 2741 516 2822 liquet,
530 2771 572 2784 -
592 2737 752 2799 conradere
772 2739 826 2800 irae
844 2739 919 2802 dirae
938 2742 1102 2805 aristotelis
1118 2742 1319 2807 arroteritatem

161 2867 223 2913 non
260 2853 408 2930 pmerunt
467 2843 506 2904 iio
539 2839 707 2921 nesciinus
735 2848 832 2903 autem
863 2844 1107 2925 idprnddooiirus,
1138 2845 1320 2919 Nereidibus,

163 2952 326 3034 Phrygibus
353 2970 378 3013 a.
400 2943 534 3011 Hectoris
556 2943 652 3024 iptris,
677 2959 751 3024 quae
772 2952 831 3006 tres
856 2945 978 3022 tabulae,
1005 2959 1106 3030 utpote
1126 2949 1155 3012 iu
1175 2947 1320 3030 triiugiom

162 3055 353 3137 compositae„
367 3071 423 3135 pre
439 3068 495 3114 una
508 3045 656 3128 tragoedia
672 3048 819 3110 nunterari
835 3058 983 3132 poterunt,
998 3052 1057 3116 hoe
1068 3053 1185 3132 quidem
1197 3062 1322 3128 earnem,

162 3170 293 3223 remotas
313 3175 363 3222 eas
379 3174 448 3247 esse
467 3153 497 3217 in
519 3152 555 3215 iis
576 3149 678 3223 rebus,
699 3169 772 3230 quae
792 3151 821 3214 in
840 3152 926 3216 iliade
944 3155 982 3218 uir
1002 3156 1130 3220 diomero
1156 3165 1322 3230 narrantur,

161 3281 262 3328 verum
289 3260 333 3324 eie
357 3273 470 3332 umen,
495 3264 528 3320 ut
554 3253 673 3317 Homeri
700 3255 883 3318 narationem
909 3259 1069 3342 neselqius
1101 3261 1200 3323 multis
1226 3259 1322 3324 modis

162 3366 360 3449 amplificaret,
374 3381 430 3426 nec
449 3361 509 3424 iere
531 3357 588 3421 nisi
608 3355 719 3438 primas
734 3357 826 3423 lineas
840 3363 1002 3441 argumenti
1017 3371 1047 3426 et
1061 3363 1268 3446 catastrophen
1286 3382 1321 3426 ea

161 3489 196 3531 ea
215 3475 353 3530 suaderet
395 3465 438 3528 iie
457 3461 604 3542 Penelope
623 3459 748 3542 denique
773 3482 879 3544 parum
898 3465 987 3527 noiris
1006 3476 1190 3546 eonapertum
1209 3477 1265 3529 eat
1279 3499 1322 3513 —-

162 3569 220 3633 Sed
240 3567 343 3649 negari
368 3567 455 3630 etiarn
474 3562 650 3628 sententiam
666 3563 828 3627 driatoteiis
847 3567 884 3629 aia
903 3569 967 3631 eius
986 3569 1144 3650 interpraete
1162 3570 1235 3631 satis
1253 3587 1322 3650 per·

163 3680 294 3754 spretam
318 3689 399 3740 esse,
424 3668 462 3730 de
486 3686 543 3748 qua
570 3665 668 3748 utique
691 3665 858 3730 dimotum
884 3669 1047 3732 audiendus
1066 3671 1133 3744 fuit,
1157 3671 1262 3734 dieiett
1287 3670 1323 3732 de

161 3776 266 3838 histor.
287 3773 375 3836 iiam.
390 3769 415 3833 11
435 3790 466 3852 p.
487 3769 538 3842 18,
558 3767 709 3832 uerissime
726 3787 867 3832 moneas:
893 3772 964 3846 „iix
985 3771 1096 3835 iliade
1115 3783 1150 3836 et
1164 3772 1323 3853 Odyssea

161 3877 254 3960 qued
274 3894 379 3939 unam
398 3875 452 3936 rei
472 3873 559 3936 duas
579 3891 620 3934 ex
639 3879 790 3953 utraque
811 3873 1019 3954 tragoedias
1034 3873 1116 3937 fieri
1135 3875 1242 3942 uixit.
1257 3875 1325 3939 iaec

163 3980 210 4043 ita
236 3977 338 4052 dixit,
364 3977 395 4041 ai
420 3973 628 4058 tragoediae
654 3973 737 4038 iliae
761 3975 877 4058 ipsam
905 3979 1083 4042 iacturum
1109 3977 1239 4040 seriem
1263 3987 1325 4040 ant

163 4101 335 4148 aurnmam
371 4081 563 4161 utriusque
599 4077 768 4142 carminis
801 4079 1156 4163 compleoterentur:⁶
1211 4078 1324 4162 Nempe
1342 4088 1373 4142 ta
1539 4137 1540 4182 p

163 4203 312 4250 summam
337 4183 476 4248 camrinia
501 4192 551 4247 aut
575 4183 670 4264 ipsam
696 4183 840 4246 sartorum
859 4184 966 4247 seriem
984 4203 1049 4246 mm
1068 4183 1212 4265 inteiligit,
1235 4201 1325 4266 qnam
1538 4191 1540 4257 i

164 4289 336 4356 amputes
356 4288 433 4364 alibi,
452 4305 478 4350 e·
502 4287 548 4364 tr,
568 4287 602 4362 5,
627 4277 684 4348 τὸν
704 4277 804 4367 λόγον
823 4285 893 4350 riieit
910 4285 971 4350 aire
989 4279 1030 4350 sd
1050 4281 1216 4361 καθόλου,
1240 4285 1326 4352 ratiis

165 4393 241 4458 iliam
256 4391 396 4475 epiaodiis
411 4407 581 4473 opponeres,
596 4393 704 4476 quibos
718 4387 857 4468 distingui
876 4406 994 4459 eamme
1014 4399 1046 4454 et
1063 4389 1233 4472 amplificari
1251 4406 1325 4453 ean·
1538 4387 1539 4432 i
