3092 4964
653 549 658 554 Ι
718 455 779 521 aaa

171 647 273 724 creda,
288 665 375 730 quam
390 647 469 730 quod
484 642 642 709 lllausenio
657 642 773 725 placuit,
788 639 898 704 balmen
914 637 1006 702 oculis
1018 635 1095 699 lasis
1104 634 1249 698 emissum
1264 631 1330 697 dici.

172 751 364 816 scribendum
379 751 435 816 erit
448 741 532 830 ὀξύς.

255 855 384 939 [lenique
399 855 429 918 in
444 853 540 936 epodo
555 873 581 915 ν.
597 853 659 916 454
675 848 790 914 codices
805 847 926 911 babent:

370 951 474 1021 πόλιν
495 947 605 1040 δίηκει
626 949 695 1018 doti
716 947 827 1035 βάξις·
850 943 880 1014 ei
903 941 1114 1034 d’a'aqu‘pop,

371 1050 423 1136 τίς
444 1045 552 1134 oldam·
573 1047 596 1142 ἤ
617 1076 671 1120 τοι
692 1049 789 1119 θεῖόν
809 1047 879 1117 ἐστι
902 1047 947 1137 μή
973 1043 1102 1130 paidos,-

171 1162 356 1225 llarmanuus
372 1155 530 1246 ἐτήτυμος
543 1159 675 1240 scripsit,
691 1177 759 1221 cuna
773 1158 899 1230 Aurata,
914 1165 943 1218 et
958 1144 994 1216 εἷ’
1004 1172 1038 1215 τι
1052 1171 1106 1234 pro
1124 1143 1146 1238 ἤ
1167 1171 1231 1214 τοι.
1274 1153 1324 1214 Est

46 1297 54 1312 ·
171 1272 270 1326 autam
285 1262 328 1326 ael
343 1262 386 1326 sic
401 1280 541 1345 perquam
562 1260 708 1342 inelegans
727 1259 836 1323 oratio:
855 1276 1010 1322 verusne
1029 1258 1230 1330 niteamus,
1249 1255 1327 1336 quis

172 1363 263 1429 sciti
279 1364 609 1444 nisidiviuaaliqua
622 1364 796 1426 [nauseat
818 1358 1328 1441 Namquumpniusilludverusne

172 1467 363 1542 niteamus,
374 1466 455 1549 quis
468 1463 558 1530 scit?
570 1463 706 1527 ostendat
716 1483 794 1536 eum,
806 1463 855 1542 qui
867 1462 910 1525 sic
922 1463 1091 1543 interrogat,
1104 1462 1141 1524 de
1152 1462 1268 1524 vertute
1278 1478 1327 1523 rn-

172 1569 264 1632 moais
276 1568 416 1641 dubitare,
428 1586 488 1630 non
500 1565 691 1630 conveniebat
701 1565 770 1627 buic
780 1563 951 1627 dubitationi
964 1564 1033 1626 illud
1045 1563 1174 1638 nisi—‚
1186 1565 1216 1626 b.
1224 1584 1250 1626 o.
1258 1581 1328 1624 eon·

171 1671 312 1733 ditionem
327 1668 488 1749 negativam
503 1667 634 1748 adiungi,
655 1667 737 1748 quasi
751 1664 857 1746 aliquid
873 1665 912 1727 illi
927 1665 1102 1728 dubitationi
1121 1675 1327 1748 opponeretur.

172 1770 246 1834 Nam
262 1771 332 1834 nisi
348 1771 391 1833 sic
402 1771 520 1832 domum
536 1768 786 1840 melediceretur,
802 1765 827 1828 si
843 1767 996 1846 superiora
1012 1768 1097 1830 verba
1113 1769 1327 1838 confidentiam,

172 1889 233 1935 uon
248 1871 459 1936 dubitationem
475 1869 682 1946 aigtailicanent.
723 1865 856 1938 Accedit,
871 1866 1049 1945 quodetiam
1066 1861 1114 1952 μή
1129 1868 1195 1930 loco
1213 1868 1327 1932 insolito

64 1972 68 1978 ’
172 1969 303 2053 positum
311 1973 418 2036 iustam
428 1968 621 2032 allencionem
634 1968 729 2032 habat
752 1965 1047 2046 ltaqueacaibenalum
1059 1979 1120 2031 ast:
1136 1962 1207 2032 οὐδ’
1217 1963 1328 2056 dcqad-

101 2141 103 2148 ,
171 2092 243 2155 μως
256 2093 309 2151 τις
324 2061 425 2149 οἶδεν,
440 2061 511 2156 ἤτι
526 2063 622 2132 θεῖόν
635 2063 728 2133 ἐστιν
744 2056 766 2153 ἢ
781 2061 907 2150 ψύθος.
934 2067 1006 2130 Nam
1022 2061 1191 2154 taprobana
1205 2063 1326 2134 εἰδέναι
1343 2072 1376 2124 2⁹
1502 2055 1505 2061 ¹

173 2175 265 2255 proba
279 2173 412 2256 loquutio
427 2181 487 2246 est.
502 2190 561 2253 qua
576 2173 666 2234 utitur
680 2170 839 2252 Aeschylus
856 2171 942 2234 etiam
962 2171 1036 2234 inira
1052 2191 1078 2233 ν.
1098 2172 1193 2235 1255:
1220 2163 1242 2258 ἤ
1254 2207 1295 2218 -
1310 2161 1331 2256 ἤ

173 2295 229 2356 pao
251 2271 393 2362 πότερον
407 2264 485 2360 -ἤ
504 2290 566 2336 nun
585 2274 683 2337 solum
703 2273 778 2354 epici
793 2274 907 2347 dicunt,
930 2273 965 2336 de
984 2274 1091 2355 quibus
1107 2291 1197 2336 nemo
1212 2273 1331 2346 dubitat.

174 2378 326 2441 sedetiam
341 2376 454 2459 bugini,
470 2374 507 2438 de
522 2374 628 2455 quibus
642 2375 706 2438 sina
721 2394 807 2438 causa
823 2377 1008 2440 llcmaanuus
1023 2375 1255 2439 controuersiam
1267 2395 1333 2438 mo·

174 2480 215 2542 ait
227 2481 265 2543 ad
279 2479 397 2543 Elmslei
412 2478 480 2541 edit.
496 2475 622 2550 balaae,
638 2477 786 2558 in0pusc
803 2479 840 2541 lll
856 2499 885 2560 p.
907 2479 974 2542 198.
1004 2477 1147 2559 Aeschylo
1164 2490 1243 2542 certe
1257 2479 1334 2542 bunc

176 2599 262 2645 usum
277 2583 363 2644 etiam
379 2579 570 2643 Doederlinus
587 2579 720 2641 concedit
734 2578 770 2642 ad
786 2580 880 2661 Soph.
895 2581 968 2643 Oed.
984 2580 1045 2642 Col.
1062 2600 1086 2642 ν.
1103 2581 1154 2643 80.

260 2683 396 2764 Sequitur
411 2680 533 2744 altanum
549 2679 730 2762 episodium,
745 2702 770 2743 a.
786 2701 811 2743 a.
828 2683 891 2744 480
906 2684 942 2745 ad
958 2703 984 2744 v.
1001 2683 1073 2756 batt,
1088 2701 1156 2746 cuna
1168 2684 1334 2747 narratione

176 2782 284 2858 nuntii,
300 2784 330 2845 in
345 2801 402 2865 qua
416 2803 506 2866 pauca
523 2783 666 2864 quaedam
684 2784 833 2848 alieniora
854 2785 920 2849 vitia
935 2785 1116 2849 emendanda
1132 2785 1221 2849 nobis
1237 2786 1333 2848 relicta

177 2891 255 2945 suut
281 2883 413 2947 Primum
427 2887 506 2948 enim
521 2905 547 2947 ν.
563 2887 635 2959 615,

378 2977 525 3072 εὔφημον
545 2975 633 3075 ἦμαρ
655 2979 694 3052 od
715 2985 840 3072 πρέπει
863 2987 1053 3076 κακαγγέλῳ

379 3081 508 3174 γλώσσῃ
530 3081 690 3170 μιαίνειν·
711 3085 811 3173 χωρὶς
832 3085 850 3175 ἡ
874 3088 956 3176 τιμῆ-
980 3089 1078 3156 θεῶν.

179 3198 280 3245 aeneos
294 3195 326 3249 ut
341 3188 459 3270 probari
475 3191 570 3271 possit
584 3190 743 3254 llormanui
758 3193 913 3266 iudicium,
930 3193 981 3274 qui
997 3205 1147 3275 postrema
1163 3197 1250 3260 sorba
1266 3217 1336 3261 con·

179 3281 264 3343 uentit
273 3289 463 3363 praemium
477 3291 554 3354 sine
564 3292 634 3354 diis
650 3305 719 3368 ost,
733 3297 968 3378 sententiamque
980 3296 1056 3360 bane
1066 3319 1132 3360 asse
1143 3298 1216 3361 aula:
1232 3320 1336 3382 „pcae-

78 3429 80 3432 .
179 3381 270 3443 mium
295 3389 396 3469 accipit
420 3392 566 3456 malorum
587 3395 616 3458 in
638 3416 668 3459 ae
686 3396 758 3461 laeta
778 3399 897 3463 nuntius
917 3400 985 3474 tale,
1005 3400 1051 3464 cui
1073 3419 1137 3464 noo
1152 3405 1251 3465 lavent
1268 3401 1336 3465 dii.“

180 3481 263 3542 Certe
287 3489 410 3563 graviter
433 3493 643 3575 vituperandus
668 3500 745 3563 locet
770 3513 870 3585 paoem,
890 3502 916 3566 si
936 3504 1021 3566 talem
1041 3505 1234 3580 sententiam,
1254 3504 1337 3570 malis
1361 3539 1365 3550 ·

181 3581 291 3646 nuntiis
301 3591 374 3653 mala
388 3595 515 3674 praemia
527 3599 704 3681 contingere,
719 3612 777 3666 maan
789 3605 925 3685 perplexe
935 3605 1032 3685 eloqui
1045 3607 1193 3671 coluisset.
1220 3609 1336 3672 llectius

181 3680 326 3752 stanleius
342 3693 444 3776 aliique
458 3699 631 3762 seutentiam
651 3702 729 3765 banc
747 3721 813 3765 asse
831 3705 1011 3770 iudicarunt:
1029 3708 1177 3772 bononem
1197 3706 1253 3773 diis
1267 3709 1335 3774 alias

181 3781 244 3844 aliis
259 3785 422 3858 babendum
437 3816 504 3860 ease
523 3798 553 3860 b.
574 3819 599 3860 e.
619 3819 673 3863 suo
689 3802 830 3884 cuiusque
846 3815 994 3889 tempore,
1013 3828 1069 3873 nec
1089 3813 1289 3894 propitiorum
1307 3822 1336 3877 et

184 3881 354 3954 infestorum
374 3898 530 3962 numinum
548 3900 677 3966 bonores
696 3905 865 3972 miscendos
884 3918 973 3992 atque
990 3914 1230 3980 contundendos.
1263 3919 1335 3981 Eaua

183 3989 354 4108 sententiam
373 3999 545 4080 Aeschylum
565 4001 608 4066 sic
621 4003 791 4088 eloquutuan
807 4031 873 4075 esse
887 4013 989 4077 credo:
1009 4011 1151 4103 χωρὶςὴ
1174 4015 1256 4106 caper}
1277 4021 1336 4098 (vel

185 4087 263 4163 quod
282 4107 376 4157 verius
395 4108 481 4179 puto,
507 4091 544 4164 oi
564 4102 678 4188 τιμαὶ)
701 4111 810 4190 dacis:
829 4114 899 4178 diis
920 4117 974 4180 sui
994 4119 1122 4204 cuique
1140 4124 1335 4206 separatim

185 4183 337 4257 bonores
351 4195 516 4277 habendi,
534 4204 590 4269 alic
605 4215 738 4293 temporo
758 4214 808 4292 iis,
826 4217 876 4299 qui
895 4220 1016 4305 propitii
1036 4234 1121 4304 sunt,
1140 4228 1217 4293 laeto
1236 4231 1336 4295 aniano

185 4297 280 4366 grates
295 4299 434 4380 agendae,
447 4303 504 4368 abo
519 4313 652 4390 telamone
666 4312 735 4394 ibis,
750 4321 800 4401 qui
821 4320 896 4384 mala
910 4321 1087 4408 immittunt,
1102 4330 1239 4415 planctus
1253 4345 1282 4399 et
1295 4334 1337 4398 la·

186 4401 283 4456 menta
298 4397 447 4468 debentur.
472 4440 514 4455 -
538 4407 790 4486 Tesmiaatianum
811 4429 987 4506 permutatio
1005 4432 1095 4499 etiam
1114 4455 1142 4500 ν.
1157 4437 1221 4504 618
1236 4438 1337 4504 vitium
