3092 4964
707 450 910 552 *atq-

226 653 394 732 patesceret.
424 641 498 706 Nam
514 639 540 705 si
555 639 728 723 simpliciter
743 639 956 706 assentiebatur
967 642 1160 708 Philodemus
1172 643 1392 729 Theophrasto,

227 750 297 833 quid
312 767 389 831 opus
405 753 467 811 erat
479 746 515 810 ad
532 743 709 809 sententiam
723 744 788 810 eius
804 744 861 809 hoc
875 743 961 808 etiam
977 745 1099 822 addere,
1115 765 1266 832 nunquam
1281 768 1348 812 esse
1363 750 1393 812 in

226 855 340 938 politica
355 849 619 925 administratione,
634 850 717 934 quod
732 849 768 914 ad
782 847 968 922 domesticae,
979 866 1074 931 neque
1085 851 1114 914 in
1127 852 1300 929 domestica,
1312 853 1393 936 quod

225 960 260 1022 ad
277 957 412 1040 politicae
427 953 691 1019 administrationis
706 952 927 1018 similitudinem
942 950 1119 1016 accederet?
1139 955 1222 1020 llanc
1236 956 1314 1020 enim
1330 958 1394 1020 eius

225 1062 383 1126 uerborum
400 1059 574 1125 sententiam
591 1079 657 1122 esse
671 1077 734 1122 nan
749 1055 861 1121 dubito.
892 1055 1001 1120 Contra
1021 1055 1047 1120 si
1067 1057 1282 1140 reprehendere
1295 1059 1394 1125 'l'beo-

226 1164 338 1249 phrasti
354 1164 490 1247 placitum
507 1161 612 1236 soluit,
631 1181 692 1224 non
709 1162 807 1242 inepte
824 1160 896 1224 hacc
911 1161 1060 1225 addidisse
1075 1159 1169 1226 videri
1184 1161 1284 1238 debet,
1303 1183 1396 1245 quum

227 1287 440 1354 saepenumero
455 1267 567 1334 accidat
581 1277 609 1330 ct
625 1266 654 1330 in
669 1265 817 1330 ciuitatum
829 1265 1083 1329 administratione
1097 1275 1130 1329 ut
1141 1265 1298 1349 imperium
1311 1285 1398 1340 unus,

226 1376 304 1440 sicut
318 1373 348 1438 in
364 1373 456 1438 domo
471 1380 553 1455 pater
575 1371 712 1446 familias,
733 1377 877 1446 exerceat,
897 1379 927 1434 et
945 1370 975 1433 in
996 1369 1171 1448 domestica,
1193 1381 1224 1435 ut
1243 1371 1316 1435 haec
1335 1390 1397 1435 nou

226 1479 315 1542 unius
330 1475 454 1549 domini.
470 1476 527 1552 sed,
539 1477 710 1552 multotum,
724 1474 774 1558 qui
790 1492 893 1557 parcre
908 1472 1032 1538 domino
1047 1475 1200 1552 deberent,
1211 1476 1359 1540 voluntate
1369 1487 1399 1540 et

224 1580 347 1645 at·bitrio
368 1589 496 1660 regatur.
534 1579 669 1641 Ceterum
692 1577 783 1641 nihilo
804 1577 903 1641 minus
922 1578 1161 1663 Theophrastum
1180 1579 1263 1643 lacile
1282 1579 1397 1643 delendi

225 1705 317 1768 posse
331 1692 461 1766 apparet.
491 1681 558 1744 Non
573 1681 652 1744 enim
668 1680 850 1764 respicienda
865 1683 1048 1766 philosopho
1064 1684 1122 1750 nisi
1137 1704 1172 1749 ea
1188 1684 1231 1748 vel
1243 1683 1343 1748 ciuitas
1354 1685 1398 1747 uel
1467 1719 1470 1726 ,

225 1790 335 1852 domus
349 1796 424 1862 erat,
438 1805 514 1870 aquae
530 1795 608 1849 recte
623 1792 652 1849 et
666 1783 772 1849 rationi
788 1783 995 1850 convenienter
1010 1787 1169 1852 constituta
1185 1797 1240 1852 est.
1271 1787 1398 1851 Domum

226 1901 325 1956 atatem
344 1889 381 1954 ab
403 1889 466 1953 aliis
486 1897 603 1972 praeter
624 1907 718 1952 naum
745 1897 859 1970 patrem
885 1889 1007 1952 familias
1033 1890 1190 1972 gubernari
1213 1910 1275 1956 non
1300 1891 1399 1954 minus

227 2005 329 2059 contra
345 1991 489 2056 rationem
505 2001 560 2068 est,
576 2009 664 2075 quam
681 1990 794 2055 ciuilem
811 1990 1096 2054 administrationem
1109 2013 1229 2058 amnem
1241 1993 1330 2057 unius
1342 1993 1400 2056 im-

228 2095 310 2179 perio
326 2097 396 2178 regi.
428 2095 544 2159 Scilicet
559 2095 675 2159 civitem
690 2092 973 2157 aelatainistrationem
995 2111 1061 2156 cum
1078 2092 1233 2158 Aristotele
1255 2107 1286 2160 ct
1299 2095 1400 2160 Theo·

227 2199 351 2284 phrasto
367 2215 429 2262 non
445 2197 571 2262 dicimus
586 2197 645 2262 nisi
660 2217 733 2262 eam.
749 2215 823 2279 quae
838 2206 884 2259 ost
898 2196 1006 2260 liberae
1021 2195 1154 2272 civitatis,
1170 2196 1269 2279 inqua
1282 2215 1401 2263 neeesse

228 2311 274 2365 est
289 2300 445 2383 imperium
463 2301 538 2364 inter
553 2302 651 2384 plures
666 2301 807 2384 partitum
824 2317 903 2362 esse:
915 2297 1022 2382 quodsi
1035 2309 1137 2363 contra
1148 2307 1202 2376 est,
1213 2317 1274 2362 noa
1287 2301 1344 2362 iam
1357 2312 1403 2362 est

228 2404 319 2468 libera
334 2403 434 2467 ciuitas
449 2403 581 2479 dicenda,
597 2424 693 2486 neque
708 2402 923 2468 administmtio
940 2403 1032 2466 ciuilis
1048 2421 1073 2466 s.
1089 2396 1259 2488 πολιτική,
1275 2401 1326 2464 sed
1342 2421 1404 2481 pe-

229 2501 379 2592 ναρχική,
394 2506 424 2569 h.
436 2527 462 2568 e.
479 2517 530 2570 aut
544 2503 704 2592 βασιλικὴ
721 2518 771 2571 aut
785 2501 970 2591 δεσποτικὴ
986 2515 1037 2569 aut
1050 2498 1235 2590 τυραννική.
1246 2539 1289 2552 -·-
1308 2507 1404 2585 Atque

231 2609 318 2672 etiam
334 2609 453 2671 alteram
470 2608 635 2672 Philodemi
650 2609 926 2690 reprehensionem,
946 2608 1025 2690 quad
1042 2627 1292 2691 supervacaneum
1313 2607 1403 2669 luisse

231 2711 303 2775 dicit
322 2709 368 2775 illa
388 2712 512 2794 exponi,
533 2713 678 2776 remoteri
698 2732 790 2795 passe
809 2711 984 2776 iudicamus.
1015 2711 1121 2794 Tetigit
1142 2711 1221 2775 enim
1241 2709 1287 2773 illa
1303 2710 1403 2772 Theo·

231 2813 374 2897 phrastns
396 2825 568 2897 propterea,
594 2817 674 2898 quod
696 2815 860 2878 arctissima
884 2833 954 2877 sanc
977 2814 1132 2877 intercedit
1153 2815 1230 2876 inter
1252 2813 1400 2894 politicam

231 2929 261 2982 ct
276 2918 499 2981 oeconomicam
515 2917 700 2994 coniunctio,
722 2919 906 3000 pertinetque
921 2917 998 2980 baud
1014 2917 1103 2980 dubie
1118 2917 1226 2999 aliquid
1241 2916 1277 2980 ad
1293 2917 1404 2980 utrius-

159 3029 161 3034 “
233 3039 292 3104 que
307 3019 364 3082 tim
381 3029 410 3082 ct
424 3029 558 3082 naturam
577 3021 686 3083 rectius
701 3019 951 3102 perspiciendam,
969 3019 1083 3100 utquid
1099 3037 1258 3082 commuue
1278 3019 1354 3081 inter
1373 3039 1406 3082 se

234 3119 376 3194 habeant,
397 3121 466 3200 quid
488 3119 544 3182 sibi
565 3139 697 3202 qumque
715 3121 886 3202 proprium,
908 3121 1089 3202 intelligatur.

203 3239 221 3289 u
325 3221 373 3285 nia
387 3240 478 3304 parm
495 3222 735 3305 Theophrastus,
758 3241 849 3304 quum
867 3223 1001 3305 politicae
1023 3223 1093 3287 artis
1117 3222 1156 3286 sit
1178 3231 1207 3286 et
1229 3223 1407 3286 constituere

237 3323 320 3390 initio
336 3324 478 3388 ciuitatem
495 3334 524 3388 et
539 3324 729 3388 constitutam
743 3335 823 3388 recte
837 3325 1053 3402 administrare,
1067 3325 1139 3389 hino
1149 3345 1300 3407 apparere,
1316 3346 1406 3390 oeco-

236 3427 372 3491 nomicae
387 3445 505 3509 quoque
520 3437 680 3509 utrumque
696 3447 771 3502 esse,
787 3436 815 3491 et
829 3436 862 3491 ut
877 3437 960 3509 paret
974 3430 1108 3504 domum,
1123 3437 1152 3492 et
1167 3437 1199 3492 ut
1210 3439 1342 3510 paratam
1353 3430 1407 3492 ad·

238 3529 396 3593 ministret
432 3529 496 3592 lloc
510 3549 567 3612 qua
583 3529 696 3592 ratione
710 3538 910 3611 consequatur
924 3551 959 3593 er
979 3531 1028 3594 illo
1048 3532 1141 3594 altero
1162 3549 1222 3594 non
1243 3533 1407 3596 accuratius

236 3631 436 3695 demonstrat:
466 3648 561 3712 noque
583 3631 611 3694 id
635 3650 712 3713 optus
735 3630 826 3694 luisse
847 3631 1038 3696 Philodemus
1061 3642 1170 3696 censet.
1194 3667 1236 3680 -·
1269 3635 1409 3716 Sequitur

236 3732 343 3798 deinde
362 3733 493 3797 delinitio
514 3733 651 3798 ciuitatis:
667 3753 734 3797 esse
753 3753 819 3796 eam
841 3731 1057 3798 multitudinem
1077 3736 1221 3800 domuum
1237 3755 1304 3799 oum
1330 3738 1408 3816 agris

237 3837 385 3920 rebusque
399 3837 435 3900 ad
451 3855 539 3901 usum
555 3837 731 3902 necessariis
748 3839 842 3914 ulem,
863 3857 937 3919 quae
952 3837 1010 3902 sibi
1025 3837 1089 3921 ipsa
1104 3839 1141 3902 ad
1155 3838 1232 3902 bene
1250 3837 1407 3902 uisendum

237 3941 374 4003 sufficere
395 3939 506 4022 praesit:
533 3939 603 4003 hinc
624 3938 766 4021 consequi
790 3949 822 4002 ut
844 3938 1005 4003 domestica
1027 3939 1243 4004 administratio
1265 3940 1348 4023 prior
1370 3940 1409 4004 sit

237 4041 326 4117 cirili,
341 4041 485 4124 siquidem
502 4042 609 4106 domus
625 4041 689 4125 ipsa
704 4042 788 4125 prior
802 4041 842 4105 sit
857 4039 981 4117 ciuitate,
997 4051 1127 4125 utpotae
1141 4043 1279 4108 domibus
1294 4055 1408 4108 exorta:

240 4138 341 4226 δῆλον
364 4137 419 4207 ὅτι
443 4137 606 4230 πρότερον
629 4138 753 4228 γενέσει
775 4134 796 4230 'i
818 4135 1010 4231 οἰκονομικὴ
1031 4140 1211 4232 πολιτικῆς
1230 4139 1319 4211 iore·
1350 4143 1409 4210 aci

240 4239 303 4328 γάρ
321 4239 361 4308 τὸ
377 4235 484 4328 ἔργον·
505 4239 625 4331 μόριον
646 4242 708 4330 γὰρ
724 4237 818 4311 οἰκία
832 4237 963 4321 πόλεώς
976 4238 1074 4310 ἐστιν.
1101 4247 1136 4311 ln
1146 4247 1194 4312 bis
1206 4248 1285 4330 quod
1300 4250 1409 4314 domus

240 4343 362 4426 eiusque
377 4345 592 4412 administratio
609 4342 734 4432 perduct
751 4347 835 4430 prior
848 4368 915 4412 esse
929 4347 1035 4413 dicitur
1050 4347 1163 4414 civitate
1177 4359 1208 4412 et
1220 4349 1410 4414 administra·

242 4445 324 4508 tione
338 4445 422 4520 cirili,
441 4465 571 4528 pugnare
588 4447 765 4530 Goettliaqio
781 4448 931 4514 ridebatur
951 4468 1018 4514 cum
1039 4449 1231 4515 Aristrato
1250 4449 1272 4528 l,
1291 4449 1312 4514 2
1333 4471 1362 4534 p.
1379 4455 1410 4530 4,
