3078 4954
693 481 735 546 93

137 669 227 734 luisse
245 670 275 734 in
294 669 374 734 hunc
391 669 526 746 modum,
546 686 633 752 quern
654 668 765 752 pictura
785 671 1032 754 repraesentat).
1075 667 1113 732 Et
1132 666 1213 750 quod
1232 683 1294 731 noo

137 792 258 838 ornnem
278 774 357 838 hunc
375 773 528 840 circuitum
553 771 700 856 depictum
720 773 864 851 ridemus,
887 773 939 838 sod
963 782 1074 856 partera
1099 781 1212 836 tantum
1232 771 1294 834 eius

138 877 287 961 cumipse
307 879 356 944 illo
376 879 518 943 toramine
536 887 622 962 atque
641 877 762 942 bomine
782 878 860 942 intus
880 877 1036 942 collocate:
1055 875 1223 941 necessario
1238 875 1296 938 hoc

138 980 175 1045 ita
191 981 287 1066 pictor
301 981 435 1058 instituit,
451 981 699 1065 quandoquidem,
711 981 736 1045 si
751 992 844 1046 totum
861 981 1014 1046 circuitum
1030 979 1182 1062 pinxisset,
1195 977 1295 1042 horni-

50 1167 53 1174 .
138 1103 205 1149 nem
221 1105 341 1150 necesse
356 1085 461 1150 luisset
471 1086 613 1151 abscondi
628 1104 684 1151 nec
695 1085 827 1168 potuisse
842 1084 982 1168 conspici.
1011 1083 1091 1149 Fecit
1106 1083 1202 1164 igitur,
1216 1082 1295 1164 quod

138 1188 264 1252 maximo
278 1197 509 1253 consentaneum
520 1201 589 1266 erat,
605 1199 638 1254 ut
651 1190 728 1254 muri
740 1189 900 1273 imperfecti
914 1188 1043 1269 speciem
1056 1196 1296 1269 repraesentaret,

138 1309 265 1373 eumque
284 1311 318 1354 er
338 1292 425 1356 altera
446 1304 527 1377 porte
546 1292 747 1368 humiliorem,
770 1310 829 1374 qtto
849 1291 973 1375 propius
993 1291 1166 1366 draconem,
1189 1309 1224 1353 ea
1244 1289 1297 1353 has

139 1403 221 1476 parte
239 1393 435 1472 advolantem,
459 1395 571 1460 homini
596 1397 753 1460 admovere
772 1404 882 1478 presset
917 1394 1003 1459 llune
1022 1403 1118 1456 auum
1138 1394 1295 1456 draconem

140 1515 177 1559 ne
197 1515 253 1559 nos
271 1495 389 1578 quidem
411 1517 467 1580 pro
485 1516 546 1562 uno
565 1518 667 1562 eorum
688 1497 863 1581 accipimus,
884 1497 934 1580 qui
949 1497 980 1560 in
995 1515 1116 1560 caverna
1131 1494 1297 1578 Trophonii

139 1619 205 1661 esse
220 1599 404 1676 dicebantur,
423 1620 499 1683 quos
519 1601 637 1682 quidem
654 1601 822 1664 Welcherus
842 1611 919 1663 recte
933 1609 1019 1681 nogat
1037 1598 1130 1661 alatos
1146 1599 1225 1681 pringi
1240 1617 1295 1680 po-

140 1701 248 1764 tuisse:
268 1702 321 1764 sed
342 1702 413 1766 nihil
433 1702 546 1776 obstat,
569 1701 729 1785 quominus
749 1702 1037 1784 hgathodaemonenr
1058 1701 1217 1781 significari
1232 1719 1295 1763 cre-

141 1803 261 1877 damus,
281 1803 309 1865 in
330 1803 414 1866 cuius
433 1803 518 1877 aede,
537 1803 586 1886 qui
607 1804 756 1867 oraculum
778 1804 982 1878 consulebant,
1001 1802 1179 1884 aliquamdiu
1198 1821 1296 1866 nrora·

140 1905 257 1968 bantur.
300 1905 328 1967 ls
344 1905 432 1986 igitur
450 1923 531 1968 nunc
544 1906 627 1970 adest
641 1905 828 1969 ‹lescendenti
844 1905 1005 1988 propitius,
1030 1905 1151 1986 opinor,
1167 1914 1197 1967 et
1211 1923 1297 1986 opesn

141 2007 262 2070 laturus.
305 2007 444 2070 Proxime
463 2007 753 2088 Agathodaemoncm
772 2007 810 2069 ad
829 2007 960 2070 dextram
981 2007 1125 2070 caduceus
1140 2016 1201 2082 est,
1219 2025 1298 2068 mer·

142 2109 249 2172 curiale
263 2109 398 2190 signum,
413 2129 473 2192 quo
493 2109 565 2172 nibil
582 2109 658 2173 aliud
675 2129 691 2172 a
707 2108 819 2191 pictore
837 2109 1034 2188 significatum
1053 2109 1193 2182 coniicio,
1213 2127 1299 2189 qtram

143 2211 365 2294 Trophonium,
384 2212 492 2276 oraculi
506 2211 671 2276 dominum.
706 2212 823 2294 Quippe
838 2213 956 2275 luerunt
975 2213 1025 2294 qui
1044 2211 1143 2294 ipsum
1162 2211 1296 2292 Tropho-

144 2315 225 2378 nium
247 2334 303 2397 pro
318 2315 462 2379 lloreurio
478 2315 625 2391 haberent,
640 2333 701 2378 uno
716 2315 753 2378 de
768 2315 904 2398 quinquo,
919 2315 948 2378 in
965 2335 1041 2397 quos
1057 2315 1145 2379 huius
1160 2331 1270 2378 numen
1285 2333 1301 2376 a

143 2417 421 2498 philosophantibus
455 2418 631 2501 mpthologia
660 2418 846 2500 dispertitum
876 2430 931 2481 est.
961 2453 1004 2464 -
1034 2418 1165 2500 benique
1192 2417 1301 2480 litteras

142 2521 216 2584 Ar
212 2519 252 2584 A
258 2568 266 2596 ,
287 2520 383 2604 paullo
403 2521 519 2604 longius
539 2521 575 2584 ad
595 2522 727 2585 derbem
746 2521 859 2604 positas
878 2521 1011 2603 quilibet,
1026 2521 1149 2603 opinor,
1165 2519 1253 2584 malet
1265 2520 1301 2582 dc

144 2623 301 2704 hgamedis
315 2623 435 2688 nomine
450 2623 643 2707 interpretari,
657 2642 746 2705 quom
762 2643 829 2687 cum
845 2623 1007 2697 Welcltero,
1021 2625 1057 2686 de
1071 2624 1250 2698 Palamedis,
1270 2632 1303 2686 ut

145 2725 239 2808 prima
262 2726 356 2791 littora
375 2728 415 2789 Π
430 2725 535 2803 deleta,
556 2727 597 2790 A
615 2737 713 2790 autern
737 2746 804 2789 cnm
826 2727 857 2790 Γ
872 2737 1034 2808 paratutata
1057 2747 1123 2790 csse
1149 2736 1301 2799 statuatur,

145 2850 236 2911 spuum
251 2830 423 2912 praesertim
434 2829 498 2912 ipse
513 2829 681 2895 Welcherus
697 2830 765 2893 huic
780 2849 813 2893 se
827 2830 1010 2896 coniecturae
1030 2850 1091 2894 non
1110 2830 1233 2893 multum
1249 2829 1302 2894 tri·

144 2933 235 2996 huerc
250 2936 404 3014 professus
419 2931 467 2997 sit.
511 2933 591 3008 Quae
605 2942 701 2997 autom
721 2933 758 2996 ab
773 2933 831 2996 hoc
845 2953 949 2996 causae
963 2935 1166 3016 proferuntur,
1181 2933 1301 3015 quamti-

145 3054 203 3099 nus
218 3037 380 3118 Agamedes
395 3035 551 3118 significari
563 3037 706 3110 medetur,
722 3037 776 3099 hae
788 3036 868 3110 mihi,
883 3037 907 3099 si
924 3038 966 3100 las
982 3037 1188 3100 estlitteratori
1201 3045 1302 3099 contra

145 3140 369 3221 archaeologtrnt
385 3139 422 3203 de
436 3138 607 3203 huiusmodi
623 3139 692 3202 artis
707 3139 821 3202 arcanis
836 3139 945 3213 dicere,
963 3139 1065 3202 inanes
1079 3159 1145 3202 csse
1159 3139 1302 3202 videntur.

146 3245 204 3305 hut
222 3242 320 3324 ipsum
340 3241 531 3322 Agarnedem,
553 3250 603 3304 aut
621 3260 683 3304 rens
703 3241 828 3323 aliquam
847 3240 883 3304 ad
902 3242 1079 3322 Agamedem
1099 3241 1303 3324 pertinentem,

120 3345 223 3418 ¹velut
251 3363 347 3417 aram,
381 3362 442 3408 non
469 3353 566 3407 autem
585 3343 693 3407 litteras
720 3343 842 3406 initiales
872 3343 954 3424 pingi
980 3343 1117 3407 debuisse
1142 3343 1302 3408 conhndit

108 4682 143 4689 Α»

145 3447 247 3528 {pssum
259 3445 434 3528 agamemn
449 3464 502 3509 cur
516 3445 642 3510 noluerit
661 3447 756 3529 pictor
775 3445 906 3526 pingere,
932 3446 1004 3509 arihi
1024 3447 1095 3510 satis
1115 3445 1302 3511 manifestum

145 3548 273 3612 videtur:
294 3567 373 3612 aram
393 3549 443 3630 qui
465 3549 608 3631 postulat,
632 3548 835 3612 demonstrare
858 3557 925 3610 ante
944 3549 1043 3613 carnia
1062 3549 1190 3624 debebit,
1214 3548 1304 3612 tuisse

145 3668 225 3712 aram
240 3649 378 3730 Agamedi
394 3662 605 3715 consecratam.
648 3652 721 3713 Nam
737 3650 896 3714 Pausanias
915 3651 1033 3732 qtridenr
1053 3652 1122 3716 buia
1136 3652 1173 3716 ab
1188 3651 1237 3726 iis,
1255 3648 1303 3732 qui

146 3753 175 3815 in
190 3771 343 3816 cavernam
359 3751 527 3817 descensuri
541 3761 654 3827 essem,
668 3753 786 3817 arietem
801 3772 861 3816 non
876 3753 912 3816 od
927 3773 1020 3830 mam,
1039 3753 1091 3816 sed
1105 3744 1155 3832 sig
1175 3747 1306 3838 βόθρον

147 3853 339 3919 montetum
354 3875 420 3919 esse
435 3855 545 3920 scribit
576 3857 616 3920 be
631 3855 683 3921 alia
698 3855 823 3938 deniqne
837 3875 870 3920 re
885 3875 1060 3940 quacunque
1075 3858 1112 3921 ad
1127 3857 1306 3939 hgamedem

215 4141 240 4206 5)
258 4139 350 4194 Veram
372 4143 468 4196 aneoli
484 4143 573 4196 iacism
590 4143 665 4195 talem
678 4141 769 4208 iciam,
785 4143 883 4210 qualem
904 4143 986 4210 pictor
1003 4143 1219 4214 repraesentavit,
1237 4159 1308 4198 semo

148 4225 243 4280 emdct.
266 4225 330 4280 liam
341 4227 410 4282 illam
421 4229 460 4282 sic
471 4237 545 4282 extra
558 4225 668 4297 conspici
681 4245 729 4281 aas
742 4227 855 4298 potuisse
867 4227 1026 4284 martenum
1038 4237 1087 4284 est.
1106 4229 1174 4286 Usus
1182 4231 1310 4298 igiturest

148 4311 266 4366 libertato
278 4313 415 4382 pictoribus
428 4329 561 4382 nocem,
574 4321 603 4367 ut
614 4331 677 4384 quae
689 4313 835 4368 abscondita
847 4323 935 4368 esscot
946 4317 1127 4383 quodamnodo
1137 4325 1220 4371 tanea
1232 4319 1310 4386 sigal-

146 4397 244 4451 flcaret.
280 4396 397 4451 Ceterum
408 4399 441 4450 de
452 4415 514 4452 vcra
525 4400 622 4452 oraculi
634 4399 698 4452 iacis
714 4399 878 4453 subtilissime
893 4399 1068 4455 aWisselcro
1084 4405 1239 4474 disputatum
1255 4413 1308 4458 cata

147 4479 339 4536 nasoratet
353 4481 628 4553 des'l'ropboolos.
652 4483 781 4552 Goettisg.
794 4485 868 4538 18⁴8.
