3092 4964
675 409 879 510 ...999

191 595 281 689 μήδ’
300 593 346 679 ἀς
362 592 510 677 ἀπόντος
534 590 709 666 ἀδυνατεῖν
732 589 916 684 ἡσυχάζειν.
956 597 1032 661 Nom
1056 617 1145 682 quem
1165 601 1360 685 Goottlingius

191 723 313 769 εειιειιιυ
328 723 395 766 csso
413 701 493 778 dicit,
512 694 599 767 δι’σττ
619 700 760 767 δεῖσθαι
778 692 862 778 ἴσως
881 693 950 764 καὶ
969 691 1089 787 ἀλλος
1108 693 1273 784 ὁμιλίας
1291 727 1361 770 πα-

190 801 306 890 ρόντος
321 797 450 888 ἀνδρός,
465 823 561 888 osque
575 807 686 889 ipsuis,
702 803 796 887 qualis
811 803 859 878 sit,
879 803 952 866 setis
967 803 1106 886 intelligo,
1125 816 1155 868 ct
1168 827 1298 888 quonam
1313 811 1360 873 in-

190 907 370 992 terpreundi
385 909 510 973 artificio
524 909 660 972 inventus
675 907 722 982 sit,
738 907 808 971 nolo
824 924 972 988 quaerere.
1002 906 1154 972 llclrlerus
1169 909 1209 972 its
1225 911 1361 995 scripsit:

189 1003 277 1098 μήδ’
292 1005 376 1076 ὥστε
393 1010 542 1090 δεῖσθαι,
556 1003 643 1098 pold‘
665 1003 711 1088 ιῦς
725 1001 881 1073 ἀπόντων
894 999 1069 1073 ἀδυνατεῖν
1084 1001 1267 1096 ἡσυχάζειν,
1288 1034 1363 1096 equus

190 1114 391 1197 nihilomagis
407 1115 567 1197 intelligere
581 1134 718 1200 possum.
747 1114 822 1178 lllud
838 1123 937 1178 temen
952 1124 1031 1178 recte
1047 1115 1164 1193 loetum,
1180 1117 1260 1198 quod
1274 1119 1362 1184 verbs

189 1210 274 1296 ἴσως
292 1213 475 1304 παρόντος,
499 1239 535 1284 ex
554 1238 616 1284 uno
638 1220 739 1284 codice
758 1239 774 1284 s
795 1217 972 1300 Goetdingio
992 1229 1123 1302 recepto,
1144 1239 1249 1285 rursus
1268 1222 1363 1288 eiecit.

189 1323 377 1388 Manifestum
397 1323 476 1388 enirn
497 1324 541 1388 vel
562 1324 661 1408 ipsum
682 1323 751 1387 illud
772 1313 857 1400 ἴσως
876 1323 956 1400 iecit,
979 1341 1046 1387 csso
1065 1323 1143 1388 hooc
1162 1326 1363 1392 coniecturum

190 1426 328 1504 alicuius,
350 1427 400 1511 qui
423 1439 566 1512 corrupto
591 1429 657 1493 loco
682 1427 840 1493 subvenire
865 1436 1031 1492 conaretur.
1062 1417 1228 1506 Ἀπόνιος
1251 1441 1363 1510 contro,
1421 1483 1424 1491 .

190 1531 271 1614 quod
287 1531 317 1596 in
332 1529 450 1596 duobus
465 1531 615 1598 codicibus
631 1551 687 1617 pro
701 1523 859 1597 ἀνιόντων
873 1531 988 1614 legitur,
1004 1549 1065 1595 non
1077 1544 1139 1596 erat
1150 1535 1362 1616 spernendum.

189 1634 382 1700 l’ersonoturn
403 1636 501 1700 locum
521 1637 696 1702 ltdmlirrrus
716 1636 850 1720 negativo
871 1635 1051 1719 pronomine
1068 1633 1173 1723 μηδέν
1193 1638 1239 1702 vel
1264 1639 1363 1721 potius

145 1750 174 1804 tt
190 1733 319 1828 μηδένΙ
333 1743 362 1818 ¹)
378 1749 446 1805 snm
459 1742 583 1806 ultorum
599 1733 685 1828 μήδ’
702 1742 828 1817 inserto,
848 1739 928 1823 ‹qirod
949 1759 1037 1822 quom
1055 1741 1137 1804 locilo
1156 1741 1288 1806 excidere
1306 1763 1363 1827 po·
1428 1797 1430 1802 ,

190 1843 279 1908 tuerit
297 1855 432 1927 operirem
455 1855 510 1908 est
546 1845 610 1909 iloc
629 1845 718 1926 igitur
739 1845 866 1919 inserto,
890 1853 923 1908 ut
947 1844 987 1906 sit
1005 1834 1092 1929 μήδ’
1112 1835 1199 1908 ὥστε
1223 1842 1365 1911 δεῖσθαι

190 1941 309 2034 prqlle'r,
330 1939 421 2033 μήδ’
435 1939 482 2025 ὥς
496 1940 645 2024 ἀνιόντος
660 1938 835 2011 ἀδυνατεῖν
850 1938 1033 2032 ἡσυχάζειν,
1053 1947 1199 2011 sententis
1214 1948 1288 2012 hoec
1305 1959 1364 2014 est:

191 2062 325 2134 oportere
344 2068 471 2114 eruorem
490 2071 542 2115 nec
558 2050 649 2135 plone
668 2071 728 2114 ιιυιι
748 2054 899 2134 requirere
918 2052 1073 2126 ιιιιιτῖιιιιιι,
1092 2069 1184 2133 neque
1203 2051 1365 2117 admotione

190 2157 253 2218 eius
267 2173 328 2218 nort
340 2173 425 2237 posse
439 2174 530 2237 nequo
547 2158 646 2218 noireto
660 2158 752 2237 serre.
782 2155 876 2234 lltquo
891 2151 949 2214 lioc
964 2151 1062 2233 ipsum
1079 2152 1208 2217 uoluisse
1227 2154 1364 2237 philoso-

193 2259 286 2342 plrum
303 2257 438 2342 proximo
453 2258 552 2322 stetim
566 2258 652 2322 serbo
665 2258 776 2342 liquido
788 2256 1007 2320 demonstrent:
1023 2245 1095 2319 ἀλλ’
1111 2250 1216 2335 cicere
1226 2250 1364 2340 ἐθίζειν,

192 2355 279 2426 ὥστε
293 2353 415 2438 lucreris,-
430 2351 591 2442 ἔχεινκαὶ
607 2355 771 2445 παρόντος
786 2355 844 2423 καὶ
858 2355 903 2444 μό
920 2352 1096 2444 παρόντος.
1131 2359 1172 2422 lie
1190 2360 1365 2444 loquutione

191 2459 294 2552 μηδὲν
309 2463 461 2544 δεῖσθαι,
480 2484 541 2529 nore
556 2467 716 2548 requirere.
737 2483 797 2528 uon
813 2465 980 2527 desiderare
1000 2463 1057 2526 vid.
1078 2481 1152 2545 equae
1171 2467 1307 2548 congessi
1326 2468 1364 2531 od

192 2569 339 2633 Plutarch.
359 2571 412 2651 rig.
433 2587 458 2632 c.
480 2570 500 2631 4
521 2577 593 2632 extr.
630 2569 688 2632 Pro
708 2561 755 2646 ιδς
779 2557 927 2644 ἀπόντος
951 2575 1067 2650 poteret
1091 2585 1163 2630 sone
1188 2568 1364 2634 concinnius

192 2673 283 2740 turibi
302 2663 384 2738 δι’δι’
406 2663 564 2752 ἀπόντος,
585 2681 614 2735 et
635 2673 712 2736 soret
730 2672 789 2736 lroc
807 2672 909 2756 utiquc
930 2671 1153 2757 reponendum,
1173 2671 1198 2736 si
1218 2673 1250 2736 in
1271 2685 1365 2740 vetem

192 2779 337 2864 scriptore
349 2779 445 2844 Attico
463 2797 654 2854 remoremur,
672 2798 689 2843 o
704 2796 832 2861 ‹qtromm
848 2777 1063 2841 consuetudine
1081 2769 1127 2852 ἀς
1147 2795 1203 2861 pro
1218 2767 1305 2843 ι’όστι
1318 2779 1365 2844 di·

193 2896 273 2950 otum
288 2885 448 2950 abliorrere
464 2883 577 2947 videtur
592 2883 759 2965 (etSoupp.
774 2883 811 2946 nel
827 2881 950 2965 Lycurg.
967 2881 1085 2964 p.9l.);
1101 2899 1181 2946 nunc
1195 2891 1294 2948 sutem
1309 2903 1364 2949 ne·

194 3011 251 3074 quc
265 2989 314 3054 hic
328 3009 402 3053 usus
418 2987 575 3071 porticnlne
596 2986 744 3051 oll'endere
764 2995 872 3068 potest,
892 2986 977 3050 cuius
997 2985 1083 3050 etism
1104 2985 1158 3050 olio
1177 2987 1236 3051 (luo
1258 2987 1289 3053 in
1309 2990 1367 3056 linc

107 3167 110 3174 ,
194 3095 292 3158 111ιι11υ
312 3092 444 3175 eseruplo
464 3099 576 3166 exunt,
600 3111 629 3173 p.
650 3091 679 3168 7,
701 3090 719 3153 8
740 3099 770 3153 et
790 3109 819 3171 p.
841 3089 871 3166 9,
900 3089 948 3166 13,
969 3102 999 3153 et
1018 3089 1245 3154 concinnitatem
1265 3091 1297 3156 in
1317 3095 1365 3159 tali

195 3198 288 3280 quolis
303 3198 377 3260 hoec
390 3204 436 3259 est
451 3193 660 3278 scriptiuncula
676 3191 838 3274 neglectam
856 3211 922 3254 csse
939 3210 1001 3255 non
1018 3191 1202 3258 mirabimur.
1217 3229 1262 3242 -
1284 3195 1367 3272 Ques

196 3299 336 3383 deinceps
360 3297 509 3363 adduntur
533 3297 570 3360 de
595 3307 705 3360 ornotu
730 3294 888 3358 ιιιιιῖὶινιιυι
907 3313 1012 3359 mersus
1031 3295 1262 3379 ellenophonto
1280 3301 1367 3368 dueu

197 3403 343 3481 uidentur,
359 3401 470 3466 Oecon.
489 3401 538 3474 10,
558 3401 570 3461 1
590 3417 656 3480 sqq.

283 3504 358 3569 ilinc
367 3503 463 3588 pergit
473 3504 509 3567 sd
522 3495 697 3588 scqpecireor
708 3519 817 3578 curem,
828 3521 956 3584 quorum
969 3520 1061 3585 quum
1073 3504 1327 3586 pmestsntissimn
1338 3519 1368 3573 ct

197 3609 323 3674 nuximc
337 3606 503 3672 necessaris
517 3624 587 3689 pers
602 3603 748 3680 homines,
763 3605 781 3668 i.
796 3625 822 3669 e.
836 3605 912 3670 serui
928 3605 995 3681 sint
1018 3606 1055 3669 de
1069 3606 1177 3671 homm
1194 3609 1369 3682 decutiens

197 3711 364 3794 diligentius
377 3708 528 3793 praecipit
558 3709 634 3772 Esse
644 3708 753 3772 horum
765 3709 825 3772 duo
837 3702 955 3792 genero,
970 3707 1083 3772 villicos
1095 3701 1325 3794 (ἐπιτρόπους)
1338 3723 1368 3777 et

197 3813 349 3898 operarios
361 3807 540 3897 (lpydcoclc
556 3811 631 3888 illos,
645 3829 773 3894 quorum
784 3810 1046 3895 opcrslibersliors
1056 3811 1125 3886 sint,
1141 3811 1240 3875 stetim
1254 3832 1367 3896 pueru-

197 3917 240 3982 los
251 3927 321 4000 spts
332 3913 485 3998 discipline
499 3913 536 3978 sn
550 3915 623 3978 irero
638 3913 837 3978 instituendos
847 3932 927 3978 esse:
942 3914 973 3978 in
988 3933 1047 3996 quo
1061 3913 1210 3978 consentit
1223 3932 1292 3979 cunr
1307 3915 1367 3982 Xe·

197 4020 366 4104 nomionis,
389 4018 468 4102 spud
488 4037 578 4102 quom
598 4017 709 4082 Occon.
733 4017 782 4092 12,
801 4017 831 4082 3.
852 4019 872 4080 4
895 4016 1109 4081 lsdromoclrus
1132 4017 1331 4101 interrogetur
1349 4042 1368 4086 s

199 4125 329 4198 Sumite,
343 4113 493 4209 πότερον,
514 4112 596 4186 ὅταν
610 4117 737 4210 δεηθῇς
750 4113 950 4205 ἐπιτρόπου,
970 4115 1178 4203 καταμαθὼν
1191 4115 1250 4187 όάν
1263 4141 1332 4188 που
1345 4109 1368 4212 ἦ

199 4217 422 4310 ότιτρινπιιιδς
435 4213 525 4311 ἀνήρ,
546 4219 663 4290 τοῖτον
677 4219 780 4312 πειρᾷ
795 4213 960 4290 ιδνεῖσδαι
975 4257 1017 4272 -
1033 4211 1054 4310 ἢ
1073 4213 1174 4303 αδτδς
1190 4217 1368 4304 παιδεύεις

201 4380 236 4392 *-

269 4445 311 4512 11)
328 4445 386 4500 vis
397 4447 506 4502 censet.
516 4449 547 4502 sd
559 4451 653 4523 Plrps.
666 4469 691 4524 p.
705 4451 763 4506 tst.
