3078 4954
98 4705 159 4724 ῥ

697 407 758 474 113

149 607 236 660 esset
266 595 362 660 Etiam
382 595 466 670 iilud,
486 593 566 678 quod
586 593 690 658 eodem
709 592 776 658 loeo
796 593 833 657 de
847 593 918 658 ioue
937 593 1020 666 dicit,
1040 609 1102 655 nou
1121 591 1222 656 aiore
1236 591 1316 655 bane

148 700 282 784 punitam
302 719 382 776 esse,
401 698 450 783 qui
470 717 534 763 eam
554 716 653 762 amare
672 715 734 761 non
753 697 885 774 desierit,
905 698 957 760 sed
979 714 1033 780 per
1050 695 1173 760 iunonis
1188 696 1264 759 iram
1285 695 1318 758 in

150 804 225 868 maia
239 822 292 868 sua
308 803 454 876 incidisse,
470 801 508 866 ita
523 801 633 866 dictum
648 809 708 876 est,
722 800 805 884 quasi
820 821 837 864 a
853 819 900 864 me
913 809 963 864 aut
978 800 1143 882 ignoratum
1158 811 1208 863 aut
1223 798 1318 862 dissi·

151 908 291 972 mutatum
306 907 353 970 sit.
397 905 484 988 Atqui
498 925 553 986 ogo
568 905 626 969 boo
641 905 739 987 ipsum
755 903 877 987 exposui
892 925 922 988 p.
938 905 990 980 59,
1001 904 1053 968 sed
1068 903 1166 968 addidi
1182 915 1317 984 praeter·

150 1031 194 1084 ea,
215 1012 296 1092 quod
315 1029 363 1074 res
382 1009 561 1093 postulabat,
581 1027 702 1092 passum
722 1018 819 1073 tanuen
839 1027 906 1071 esse
922 1009 1034 1078 iorem,
1063 1017 1093 1070 ut
1109 1027 1126 1070 a
1141 1007 1254 1070 lunone
1271 1007 1318 1070 itu

151 1114 342 1188 cruciaretur,
360 1122 390 1176 et
408 1120 600 1196 posteaquam
619 1111 690 1176 satis
710 1113 848 1194 castigata
867 1121 961 1184 esset,
982 1111 1079 1194 ipsum
1096 1111 1219 1174 iunonis
1240 1110 1318 1174 irem

151 1216 276 1280 desisse.
320 1215 362 1279 De
376 1215 513 1280 Alcmena
528 1227 640 1292 eutem,
659 1216 772 1280 etiamsi
788 1215 943 1291 dixissem,
962 1215 1041 1296 quod
1062 1213 1249 1278 liermannus
1271 1233 1322 1277 me

153 1319 263 1384 dixisse
271 1318 362 1394 tinxit,
371 1337 408 1382 ue
415 1317 443 1381 id
453 1318 571 1401 quidem
581 1318 627 1382 tali
636 1319 727 1382 modo
736 1318 1047 1382 criminandumiuisse
1056 1317 1193 1381 arbitror.
1209 1316 1322 1380 Nomai

152 1421 362 1504 loremillrrpro
373 1421 541 1486 maritosuo
551 1419 662 1497 habuit,
673 1431 750 1486 certe
761 1421 862 1485 rolens
872 1421 1004 1504 ampiesa
1015 1431 1074 1484 est:
1086 1420 1156 1503 quid
1165 1431 1266 1484 autem
1277 1423 1323 1484 ta·

153 1523 1323 1606 curratuissetsirerumscissetnequenarraturat·eteribus,uequeoomperturn

153 1628 393 1693 esseilcrmanno
403 1627 500 1690 ontio.
517 1626 1218 1710 Nonimprobabiletnmeuest,ubternperaturam
1228 1627 1324 1691 tuisse

153 1731 229 1796 loris
248 1730 405 1806 voluntati,
425 1729 662 1812 quandoquidem
680 1730 768 1795 etiem
790 1739 905 1814 postea,
920 1749 954 1793 re
968 1738 1127 1812 comperta,
1141 1748 1239 1813 nequo
1254 1733 1323 1812 ipsa

155 1834 279 1898 indotuit
296 1851 391 1914 neque
412 1833 548 1907 maritus,
567 1831 619 1896 sed
640 1831 734 1897 laetati
754 1841 825 1896 sunt
843 1832 920 1895 loris
941 1834 1051 1907 favore,
1066 1834 1323 1914 queamdmodum

154 1937 241 2000 etiarn
257 1934 327 1998 aliae
341 1933 495 2009 mulieres,
515 1934 592 1997 reiut
606 1933 734 2008 Semele,
755 1934 831 1996 illiers
851 1954 954 1998 amore
972 1947 1001 1998 et
1019 1935 1155 2017 amplexu
1170 1935 1273 1997 beatas
1289 1955 1325 1996 se

156 2047 186 2101 et
204 2038 365 2100 honoratas
386 2045 516 2100 censent
565 2035 700 2099 Ceterum
724 2037 809 2099 etiarn
834 2035 903 2099 ittud
924 2037 953 2100 in
975 2037 1029 2100 ista
1054 2036 1147 2100 iabuia
1167 2036 1204 2099 de
1220 2037 1327 2099 froude

155 2139 232 2202 loris
247 2139 440 2220 simulataque
454 2137 681 2220 Amphitruonis
696 2156 839 2220 persona,
854 2139 903 2220 qui
918 2139 1017 2220 pauflo
1033 2139 1172 2202 attentius
1186 2149 1328 2221 reputare

154 2241 234 2315 velit,
253 2239 476 2322 haudquaquam
497 2241 595 2323 inepte
618 2249 670 2302 aut
689 2239 778 2320 impie
798 2242 898 2304 fictum
918 2241 1068 2305 iudicabit:
1094 2241 1147 2304 sed
1172 2242 1244 2305 noio
1269 2261 1327 2322 ego

155 2342 214 2406 boc
232 2360 312 2406 nunc
330 2361 489 2426 exponere,
508 2351 611 2425 utpote
625 2341 661 2406 ad
677 2342 851 2424 Aeschylum
867 2343 939 2406 nihii
953 2345 1120 2426 pertinens,
1140 2344 1219 2426 apud
1235 2361 1326 2426 quem

156 2444 233 2508 nullo
248 2446 280 2508 nt
295 2445 370 2509 iliius
386 2446 428 2510 rei
443 2443 563 2507 mentio.

242 2547 345 2612 Restat
357 2557 390 2612 ut
405 2548 442 2611 do
456 2545 556 2610 soiuto
572 2545 749 2609 Prometheo
766 2546 926 2620 rideamus,
942 2567 1030 2628 quem
1046 2549 1251 2624 iiermannus,
1271 2567 1328 2611 sua

157 2650 193 2713 do
208 2650 275 2712 iove
290 2650 432 2732 opinione
445 2649 596 2729 deceptus,
611 2657 698 2728 negat
712 2657 868 2731 propterea
885 2650 1014 2713 solutum
1034 2671 1113 2724 esse,
1133 2651 1213 2731 quod
1231 2650 1329 2712 desti·

157 2752 224 2815 terit
239 2773 255 2816 a
271 2752 464 2826 contumacia,
480 2769 619 2832 peccasse
634 2769 667 2812 se
681 2751 840 2832 agnouerit,
856 2751 996 2815 nraiorem
1012 2757 1043 2816 in
1059 2752 1128 2815 lore
1139 2771 1229 2833 quarn
1245 2751 1277 2814 iu
1294 2772 1329 2814 se

157 2873 219 2918 non
241 2855 341 2918 solum
364 2861 539 2934 potestatem
560 2853 610 2914 sed
630 2852 718 2916 etium
738 2853 927 2934 sapientiam,
953 2873 1010 2918 noc
1028 2855 1174 2928 minorem
1202 2855 1329 2917 bumaui

158 2955 273 3036 gerroris
289 2956 438 3018 caritatem
455 2973 521 3018 essa
535 2951 715 3029 intellexerit,
730 2955 855 3036 ideoque
869 2955 990 3036 dignum
1007 2956 1182 3028 iudicaverit,
1193 2955 1242 3018 oui
1258 2975 1329 3020 eunt

159 3059 262 3122 ceteris
278 3055 335 3121 diis
351 3057 489 3140 omnique
504 3055 616 3119 mundo
631 3065 661 3119 et
675 3056 738 3138 ipse
752 3067 877 3138 pareret,
892 3059 945 3121 sed
961 3069 1131 3140 propterea,
1147 3059 1230 3140 quod
1245 3058 1331 3140 iupi-

161 3169 218 3237 ter,
244 3161 320 3224 tatoli
337 3161 510 3224 necessitato
523 3168 658 3235 coactus,
684 3160 740 3224 nisi
766 3161 908 3226 cederet
933 3161 1116 3234 aduersario,
1142 3160 1335 3244 missaque

160 3263 390 3346 superbisse
413 3261 525 3326 feroci
548 3260 780 3327 submitteret
801 3264 1008 3328 Promethei
1032 3263 1335 3345 pertinaciae20i,

161 3365 365 3429 imminentem
381 3365 436 3428 sibi
452 3364 563 3428 dadone
577 3365 704 3446 effugere
719 3383 780 3428 non
797 3367 934 3450 potnerit.
979 3366 1033 3429 liic
1047 3366 1217 3430 certaminis
1241 3388 1336 3431 eren·

161 3477 210 3530 tus
225 3486 312 3548 quam
334 3467 439 3550 dignus
456 3467 508 3541 sit,
526 3483 587 3529 nou
611 3465 677 3530 dico
693 3467 782 3545 louis,
797 3470 851 3533 sed
867 3469 995 3534 cuiusuis
1010 3470 1099 3534 otium
1116 3470 1238 3532 bunrani
1254 3473 1337 3552 regis

161 3568 325 3644 maiestate,
350 3570 470 3651 quilibet
488 3589 543 3634 sua
562 3579 672 3650 sponte
690 3569 840 3652 inteiligit,
867 3591 963 3654 neque
982 3591 1049 3636 euru
1068 3574 1258 3637 liernrannus
1275 3593 1337 3637 uu·

161 3689 250 3752 quam
276 3670 343 3734 iore
372 3671 495 3752 dignum
521 3670 692 3744 iudicasset,
723 3671 781 3734 nisi
806 3672 896 3737 nimis
921 3674 1015 3749 bunc,
1042 3687 1074 3738 ut
1089 3675 1274 3749 fabulosum,
1297 3677 1337 3737 ab

161 3772 303 3854 Aeschylo
320 3781 523 3854 contemptum
539 3780 568 3834 et
582 3790 707 3852 prorsus
723 3774 918 3838 irreverenter
932 3785 1087 3840 tractatum
1102 3795 1168 3838 esse
1188 3777 1337 3854 mederet,

162 3874 193 3937 in
209 3893 269 3954 quo
284 3883 465 3957 quantopere
479 3873 515 3936 ab
531 3872 664 3953 bercbpii
680 3875 794 3937 ratione
809 3875 994 3948 aberraverit,
1010 3877 1081 3939 satis
1107 3897 1123 3938 a
1139 3894 1188 3937 mo
1203 3877 1338 3941 demon·

162 3982 289 4039 stratum
309 3961 383 4039 osse¹
395 3973 532 4040 arbitror.
577 3973 700 4036 Ostendi
717 3985 814 4038 autem
830 3987 979 4059 praeterea
993 3977 1059 4041 iibri
1073 3977 1132 4041 mei
1147 3997 1177 4060 p.
1193 3978 1339 4055 26-28,

163 4091 200 4138 ne
212 4075 389 4140 Prometheo
406 4077 526 4159 quidem
541 4073 614 4138 satir
629 4074 750 4155 dignum
765 4075 911 4142 eiusmodi
935 4088 1072 4144 euentum
1087 4075 1211 4144 iudicari
1225 4099 1340 4164 posse:

163 4193 252 4256 quom
264 4183 378 4259 portem
390 4175 600 4258 disputationis
612 4175 799 4243 Humanum
811 4179 949 4245 intactior
960 4180 1168 4266 praetermisit,
1179 4179 1243 4248 sire
1254 4185 1342 4267 quod

165 4329 516 4344 *mm-nn·—

207 4396 276 4548 ιιἷθ)
289 4397 354 4452 Suet
371 4397 433 4450 unse
444 4397 499 4466 iper
510 4398 646 4456 tiemari
657 4401 736 4456 verba
747 4419 772 4474 p.
789 4403 828 4458 tt.

246 4529 254 4548 .
1109 4496 1129 4559 8
