3092 4964
829 474 893 541 240

286 670 435 736 elienbotur
448 663 636 755 ναυκλρρεῖν
649 659 708 754 τήν
721 655 898 730 σινοικάαν.
927 663 990 730 vid.
1006 664 1077 730 isne.
1093 664 1129 729 eie
1144 663 1271 732 Nicostr.
1286 665 1348 732 her.
1365 671 1393 746 ξ.
1408 663 1446 730 tt

286 795 352 840 cunt
373 794 481 838 ootnnr.
502 793 531 856 p.
548 771 619 836 333.
660 771 697 835 iit
715 769 793 834 bone
814 769 853 834 ob
872 788 990 834 causum
1016 769 1085 834 inuio
1103 769 1238 853 quaestui
1257 770 1447 836 Philodemus

287 878 384 942 stetim
399 877 531 942 adiunxit
543 895 620 952 euin,
634 875 683 958 qui
698 892 851 938 serromnr
868 872 1063 954 pensionibus
1079 882 1204 937 constet.
1230 873 1304 936 Nasu
1318 873 1368 955 qui
1383 893 1448 937 ser·

168 1021 169 1024 ¹
286 999 339 1043 nos
354 979 499 1044 habebant
512 989 603 1042 ortem
615 977 740 1060 aliquem
755 985 807 1040 aut
821 974 970 1056 opitioium
986 975 1130 1051 collentes,
1146 975 1176 1039 bi
1188 995 1241 1039 eos
1252 987 1303 1040 out
1317 975 1347 1038 in
1360 975 1450 1038 iubri-

233 1094 266 1146 τε
288 1083 330 1144 eis
346 1073 597 1167 (ἐργαστηρίοις)
609 1079 664 1142 sub
675 1079 815 1160 magistro
827 1067 985 1162 (ἡγεμόνι,
1000 1070 1188 1164 ἐπιτρόπῳ)
1201 1077 1386 1152 coniunctos,
1400 1087 1450 1140 out
1520 1161 1521 1164 Ἴ

286 1182 373 1245 etiarn
392 1183 525 1263 singulos
545 1180 798 1264 separatimque
818 1179 912 1242 inoere
930 1178 1070 1243 iubebunt
1092 1188 1121 1243 et
1145 1181 1182 1244 de
1205 1179 1339 1244 mercede
1362 1198 1449 1260 quem

287 1285 465 1347 meruissent
484 1293 576 1346 certos
597 1281 669 1364 ipsis
689 1279 849 1363 pensiones
869 1277 989 1366 (φοράς
1008 1301 1033 1344 s.
1057 1272 1248 1370 ἀποφοράς)
1272 1281 1449 1365 persolvere.

288 1386 330 1449 Gi.
353 1385 506 1468 Antiquitt.
522 1385 541 1448 i.
558 1405 588 1468 p.
604 1385 653 1448 Gr.
669 1403 699 1465 p.
717 1383 777 1447 186
797 1402 842 1465 sq.
879 1383 962 1446 iiuno
981 1383 1068 1464 igitur
1087 1393 1241 1465 quaestum
1262 1405 1278 1448 ο
1297 1402 1450 1448 servorum
1476 1459 1478 1464 Ι

177 1484 179 1488 ’
289 1487 437 1569 operibus,
448 1486 538 1550 motio
550 1504 610 1550 non
622 1485 770 1569 turpibus,
781 1483 972 1547 Philodemus
984 1484 1144 1567 sapientem
1157 1483 1260 1548 decere
1270 1485 1452 1567 pronuntiat.

287 1621 330 1636 -
345 1590 405 1654 iun
421 1608 490 1653 vero
505 1588 589 1671 quote
610 1607 703 1670 genus
719 1595 858 1669 quaestus
873 1587 1046 1669 primarium
1061 1585 1088 1650 ei
1102 1597 1132 1650 et
1145 1587 1388 1652 honestissimum
1408 1587 1452 1648 ni·

289 1693 406 1767 deutur,
428 1711 488 1756 non
505 1691 570 1754 sino
584 1691 730 1772 voluptate
746 1697 927 1771 cognoscent
941 1687 1106 1772 quicunque
1120 1687 1261 1753 docendis
1276 1687 1363 1752 bonis
1379 1688 1450 1751 orti-

289 1794 344 1857 bus
359 1793 489 1868 aluntur,
508 1793 526 1856 ii
543 1792 729 1876 ριοειοτῑίιο,
748 1791 855 1874 quibus
873 1792 949 1855 lautu
969 1790 1143 1874 discentium
1165 1791 1324 1856 bonornrio
1344 1789 1453 1873 publici

289 1895 425 1977 stipendii
442 1896 609 1959 tenuitatem
626 1901 828 1976 compensent.
862 1889 1001 1976 Πρῶτον
1015 1887 1064 1971 δέ,
1080 1893 1184 1976 inquit,
1205 1887 1262 1958 καὶ
1278 1888 1455 1957 κάλλιπον

292 1987 362 2060 timi
382 1991 487 2080 λόγων
506 1990 701 2082 φιλοσόφων
719 1986 876 2080 ἀνδράσιν
896 1990 1061 2070 δεκτικοῖς
1076 1990 1339 2077 ριεταάιάάμενον
1361 1985 1454 2058 ἀντι-

147 2113 150 2120 ’
242 2153 243 2158 ,
291 2091 554 2182 μεταλαμβάνειν
569 2085 828 2178 σι’·χαριστάιιιιιιι,
840 2095 903 2172 sito
916 2091 1001 2179 μετά
1016 2093 1185 2178 σεβασμοῦ
1200 2093 1371 2174 παντελῶς
1381 2090 1455 2179 tyt-

292 2192 358 2265 rec’
375 2191 576 2286 Ἐπικοάρρι·
597 2194 704 2281 λόγων
717 2193 755 2262 ἀὲ
770 2189 940 2284 ἀληθινῶν
954 2192 1012 2261 καὶ
1027 2187 1248 2285 ἀφιλονεάκιον
1261 2193 1319 2264 καὶ
1335 2191 1455 2284 συλλή-

294 2303 377 2391 βάρν
392 2295 500 2368 εἰπεῖν
514 2294 701 2386 άταράχων·
717 2306 803 2376 {inst}
813 2293 853 2363 τά
867 2319 904 2384 γε
918 2295 978 2364 διά
993 2299 1199 2388 σοφιστικῶν
1210 2297 1267 2366 καὶ
1279 2294 1456 2387 ἀγωνιστι-

292 2403 359 2470 κῶν
373 2397 468 2472 σι’·ἀίν
482 2399 554 2471 ἔστι
570 2399 701 2488 βέλτιον
713 2399 773 2467 τοῦ
787 2398 845 2468 διά
864 2399 1102 2490 ἀρμοκοπικῶν
1119 2401 1177 2469 καὶ
1197 2401 1455 2494 σοκοφαντικῶν.

293 2511 392 2575 leontio
407 2511 497 2575 totius
518 2509 574 2572 loci
599 2518 690 2583 cortu,
714 2506 903 2589 quamobrem
927 2506 1045 2570 ieounns
1071 2526 1132 2600 non
1158 2508 1317 2590 significavi
1341 2517 1457 2592 prnoter

294 2607 383 2690 «tuos,
402 2613 485 2678 aliter
499 2633 515 2676 ι
531 2631 578 2675 ονε
594 2631 681 2693 quern
697 2630 715 2674 u
729 2610 878 2692 prioribus
898 2607 1037 2690 expletus.
1072 2609 1147 2672 Nom
1168 2609 1337 2675 levoronins
1359 2602 1457 2690 εάχά-

292 2726 423 2803 ριστοῐν,
434 2707 539 2790 κιιοἹά
552 2714 679 2798 scripsit,
691 2713 884 2797 Goottlingius
897 2705 1207 2798 εὖχάριστοῐνι....ά,
1223 2715 1275 2779 sed
1291 2714 1387 2778 serius
1399 2715 1456 2777 sibi

294 2819 384 2884 videri
399 2819 439 2883 uit
452 2812 525 2884 ὅσοι.
557 2818 620 2900 Ego
635 2819 715 2900 quod
731 2819 849 2901 reposui
865 2819 985 2882 lacunae
1005 2819 1100 2901 spatio
1121 2827 1150 2887 et
1168 2819 1329 2882 sententiae
1349 2817 1458 2900 pariter

293 2921 547 2986 nooomnroeiuturn
563 2932 618 2985 est
647 2921 757 2984 Deinde
772 2922 870 2985 verius
885 2942 952 2986 esso
966 2914 1058 2997 treet,
1078 2941 1165 3003 quern
1182 2921 1224 2984 vei
1240 2913 1301 2997 ῶς,
1316 2919 1395 3002 quod
1411 2920 1456 2982 Ιο-

294 3025 431 3099 neronio,
450 3025 494 3087 rei
513 3017 582 3098 ὅτι,
601 3023 681 3104 quod
702 3024 876 3106 Goettlingio
896 3023 1018 3106 placuit,
1038 3044 1126 3088 nemo
1146 3021 1228 3088 inoiie
1247 3022 1372 3103 negabit.
1403 3022 1458 3085 Est

293 3129 371 3191 enim
384 3128 413 3191 in
425 3126 594 3190 huiusmodi
606 3135 744 3190 uorttextu
756 3127 859 3190 burum
873 3126 1078 3209 ponticulorurn
1090 3117 1168 3190 ἐπεὶ
1177 3159 1220 3172 -
1232 3143 1268 3208 γε
1277 3143 1351 3188 usus
1363 3140 1458 3206 paone

295 3229 450 3310 legitimus.
480 3229 522 3292 ct.
543 3229 674 3310 exemplo
694 3229 905 3293 eSobneidero
924 3229 959 3293 od
976 3229 1110 3312 Xenopb.
1130 3228 1208 3292 Hier.
1224 3228 1253 3304 t,
1268 3226 1287 3292 3
1303 3246 1332 3309 p.
1348 3227 1411 3290 250
1429 3235 1458 3289 et

295 3331 415 3395 anobis
429 3333 466 3394 od
480 3330 556 3394 Piut.
571 3333 623 3412 λς.
642 3333 689 3404 it),
704 3331 723 3394 3
738 3351 768 3413 p.
787 3331 846 3394 128
862 3330 955 3396 oitotu.
985 3331 1120 3396 Ceterum
1142 3321 1324 3416 ἀληθινσῦς
1341 3321 1459 3412 λόγους

295 3429 354 3499 καὶ
369 3424 600 3520 ἀφιλονείκοος
613 3450 674 3495 non
694 3433 766 3495 otios
781 3433 954 3498 Philodemo
974 3434 1064 3499 videri
1084 3433 1272 3498 menifestum
1291 3439 1350 3507 est,
1369 3451 1457 3514 quum

296 3536 519 3620 Epicureorum,
534 3554 610 3620 quos
625 3554 717 3618 quurn
733 3529 918 3621 ἀταράχους
932 3537 1009 3613 uicit,
1024 3536 1100 3600 idern
1115 3535 1194 3600 baud
1205 3534 1293 3600 dubie
1302 3533 1457 3616 signifieat,

296 3641 375 3722 quod
389 3639 542 3703 Lueretius
558 3657 650 3720 quum
664 3658 717 3702 eos
731 3638 764 3714 t,
783 3640 817 3702 11

498 3741 636 3806 fluetibus
651 3761 667 3805 e
682 3741 771 3806 tontis
785 3743 871 3806 vitent
889 3743 1033 3824 unusque
1047 3741 1177 3806 tenebris

496 3843 526 3908 iu
542 3854 600 3908 tons
616 3845 771 3927 tranquillo
788 3854 890 3909 ettam
906 3845 981 3909 claro
996 3845 1060 3909 tuoe
1073 3845 1187 3909 incesse

296 3947 451 4028 praedicnt
466 3947 560 4012 litium
569 3941 738 4031 σεβασριὸς
745 3947 791 4010 ἰΙΙο
799 3954 829 4011 et
838 3947 983 4012 veneratio
989 3945 1121 4029 magistri
1129 3965 1224 4030 prope
1232 3945 1327 4010 divine
1337 3943 1458 4028 propria

298 4051 356 4113 bere
364 4050 575 4133 Epicureorum
585 4051 760 4133 fuitquibus
769 4050 1316 4136 exprobreti’iuturobusudr.Colotc.
1331 4051 1369 4114 17
1381 4043 1459 4126 τούς

298 4147 441 4235 βρόμους
459 4149 515 4218 καὶ
535 4149 802 4239 κροτοθορύβους
819 4151 878 4220 καὶ
897 4149 1054 4237 σεβάσεις
1071 4149 1129 4220 καὶ
1148 4148 1367 4231 άπιθιιάσεις
1386 4153 1457 4235 Epi-

299 4254 371 4328 curi,
396 4255 480 4337 pinne
498 4269 531 4321 ut
549 4257 638 4321 boiie
652 4257 815 4340 iloqelienis
830 4257 952 4323 nimium
968 4257 1055 4322 divini
1075 4259 1121 4323 sui
1136 4257 1336 4342 praeceptoris
1351 4255 1458 4319 ueloru-

300 4353 410 4417 tionem
423 4356 640 4423 obnitersnriis
652 4361 822 4446 exprobrari
833 4361 976 4425 videmus.
1000 4357 1331 4450 Σοφιστικούςοοῑοοι
1342 4350 1460 4440 λόγους

299 4466 329 4520 et
342 4445 579 4541 ἀγωνιστικῶς
588 4464 828 4530 Academicorum
840 4459 1457 4548 potissimumreoentiorumetstoieorum
