3078 4954
657 405 856 505 'lail-

170 583 385 678 μελανόφρων
406 603 435 655 et
454 585 678 680 κελαινόφρων
700 594 803 672 (Eum.
819 615 846 659 r.
867 597 924 659 dol
937 599 961 673 ),
981 593 1235 676 quemadmodum
1256 591 1341 655 ctiam

171 688 357 779 φαιοχίτων
369 715 424 778 pro
439 689 642 782 μελαγχίτων
664 698 822 781 Aeschylus
836 699 907 762 rliait
921 698 1053 780 dlroepb.
1070 717 1095 759 r.
1116 697 1207 758 lttlli.

258 799 334 864 llaec
352 811 422 864 sunt
441 820 514 883 «puae
534 801 562 864 in
582 801 762 867 Cassandrae
780 804 915 887 episodio
935 821 995 866 uon
1017 799 1251 884 improbabiliter
1270 799 1340 862 mibi

171 904 343 968 emendasse
362 904 475 969 videor:
494 924 574 970 nunc
598 907 635 970 de
656 907 790 990 prorrbna
817 918 900 992 parte
919 907 1032 971 babolene
1056 903 1230 978 delebimus,
1256 903 1339 968 cuim¹

175 1007 242 1072 item
258 1009 369 1091 aliquot
382 1009 501 1074 uulnera
516 1011 644 1075 curanda
659 1022 758 1087 erunt,
775 1013 828 1076 sed
849 1033 904 1077 ure
921 1010 1010 1075 erinnis
1026 1009 1122 1092 grauia
1137 1008 1202 1084 illa,
1217 1029 1274 1072 trec
1288 1007 1339 1071 ad·
1443 1033 1446 1042 ’

173 1113 295 1176 rnodum
311 1122 416 1177 sanatu
431 1114 566 1178 diflicilia.
597 1117 638 1180 llo
652 1116 780 1200 prlrunru
797 1116 914 1199 quidem
931 1116 960 1178 in
975 1115 1220 1197 tilptaentnostrao
1233 1113 1342 1182 rerleis,

172 1233 247 1295 quse
273 1225 343 1298 post
368 1227 566 1301 perpetratam
590 1221 665 1300 repis
685 1220 803 1283 eaedem
828 1219 858 1284 iu
885 1237 1005 1284 scenam
1031 1217 1175 1302 prodiens
1200 1217 1341 1301 loquitu.

174 1337 199 1380 u.
221 1317 299 1382 1332
314 1337 374 1402 squ

374 1403 507 1470 πολλῶν
529 1402 697 1493 πάροιθεν
717 1402 856 1493 καιρίως
877 1401 1054 1496 εἰρημένων

373 1499 516 1573 τάναντί’
533 1502 640 1576 εἰπεῖν
661 1503 721 1576 odet
743 1505 1073 1597 ἐπαισχυνθήσομαι.

374 1609 449 1688 πῶς
470 1606 530 1696 μῖρ
552 1633 605 1689 τις
625 1607 761 1699 ἐχθροῖς
782 1607 890 1699 ἐχθρὰ
913 1610 1098 1705 πορσύνων,
1120 1604 1237 1701 φίλοις

375 1703 656 1793 resedendum,
679 1713 829 1802 πημονην
851 1707 1055 1799 ἆρκιῑσοανον

375 1810 531 1901 φράξειεν
553 1810 638 1899 {labec
659 1819 810 1900 κρεῖσσον
830 1811 1082 1904 ἔκπηιῖηματοςς

173 1915 361 1980 scribendum
376 1919 478 2000 utiquc
493 1939 559 1982 cum
576 1921 745 1983 llermaunu
762 1917 913 2006 πημονῆς
935 1908 1109 2000 ιῖρκῖσεαι’
1125 1909 1179 1981 dr:
1194 1919 1246 1982 sed
1262 1919 1341 2001 ηιιοιΙ
1363 1925 1391 1976 ts

174 2018 250 2080 ideur
274 2018 304 2080 in
320 2037 405 2083 uersu
421 2021 504 2084 tertio
521 2018 590 2098 πᾶς
609 2042 665 2104 pro
685 2019 759 2097 πῶς
774 2022 906 2104 scripsit,
922 2021 1031 2085 nollent
1048 2023 1155 2084 laetum
1166 2025 1206 2100 δ).
1237 2020 1343 2102 l'ulga·

176 2131 219 2184 tae
234 2121 368 2186 lectionis
383 2125 527 2187 sententia
544 2125 616 2188 baec
630 2133 689 2188 est:
711 2143 784 2188 non
804 2143 857 2186 me
877 2125 984 2206 pudet
1004 2141 1098 2187 nunc
1111 2123 1217 2187 aliter
1231 2122 1346 2206 loqui,

174 2234 279 2308 atque
313 2226 395 2289 olim
431 2228 586 2311 tempori
625 2228 792 2292 seruiens
826 2215 1039 2312 (καιρίως)
1073 2227 1346 2290 dissimulanter

175 2328 323 2412 loquuta
344 2349 432 2394 suna:
453 2350 521 2414 quo
537 2331 627 2396 enim
649 2333 753 2395 modo
774 2331 1041 2416 possitaliquis
1062 2330 1214 2394 insidias
1229 2328 1344 2393 iuimi-

175 2433 225 2496 cis
253 2433 523 2516 insuperabiles
549 2444 705 2512 struere,
730 2436 840 2500 scilieet
860 2435 917 2499 οἰοῖ
940 2435 997 2512 sir,
1017 2445 1049 2498 ut
1068 2455 1136 2515 ego,
1155 2433 1186 2496 in
1212 2444 1345 2515 tempore

175 2536 362 2600 dissimulet?
405 2537 553 2601 Ileticetur
567 2549 663 2603 autent
684 2541 757 2603 bare
775 2539 922 2613 diriditis,
944 2547 1049 2621 utpote
1069 2539 1148 2601 tuelle
1168 2557 1185 2598 e
1205 2547 1344 2601 contestu

175 2639 431 2722 subintelligenda,
447 2641 554 2704 usitato
570 2643 748 2705 Graecorum
765 2663 849 2706 errore
863 2643 894 2704 in
910 2641 1079 2707 huiusmodi
1094 2639 1345 2704 enuntiationibus

177 2752 245 2824 post
261 2737 323 2825 γάρ
337 2750 367 2805 et
381 2734 476 2818 ἐπεῖ,
495 2763 585 2826 ηοοοι
602 2745 737 2827 superius
758 2745 904 2810 dictorum
926 2744 1000 2808 ratio
1016 2742 1161 2814 redditur,
1178 2741 1227 2805 ubi
1243 2751 1345 2804 noster

176 2863 274 2907 sermo
290 2845 408 2926 aliquod
424 2846 609 2921 adverbium,
629 2857 662 2910 ut
676 2847 748 2930 [rttt't
763 2847 806 2911 rel
821 2856 939 2928 εοεαε,
955 2864 1098 2929 usurpare
1112 2844 1188 2909 solet
1202 2844 1239 2908 ad
1252 2843 1345 2908 ornis·

177 2967 240 3010 seur
257 2947 391 3030 protasia
407 2947 638 3030 significandam.
683 2951 798 3026 Quodsi
813 2951 956 3032 besebplo
971 2968 1090 3032 quoque
1104 2947 1233 3012 seribere
1246 2948 1346 3030 pleon·

178 3049 263 3112 isset:
279 3046 353 3126 πῶς
374 3044 436 3134 γάρ
457 3071 511 3126 τις
533 3041 662 3129 ἄλλως
682 3045 790 3138 ἐχθρὰ
811 3047 1044 3138 μηχανώμενος
1065 3043 1212 3134 ἐχθροῖς,
1235 3043 1348 3136 φίλοις

89 3143 92 3148 ’
178 3151 336 3216 δοκοῖσιν
351 3141 454 3232 εἶναι,
476 3151 630 3240 πημονῆς
651 3147 825 3237 ἀρκύστατ’
850 3144 892 3218 ἂν
913 3149 1084 3242 ηρόξειενς
1105 3171 1195 3216 nemo
1215 3155 1347 3235 prolecto

178 3253 331 3318 inussisset.
375 3257 433 3319 Sed
460 3256 497 3320 de
522 3257 577 3321 ista
599 3257 763 3321 omissione
785 3257 883 3321 resin
905 3257 1009 3339 uulgus
1029 3264 1099 3320 nota
1122 3267 1168 3320 est
1188 3259 1225 3318 et'
1241 3255 1298 3318 iarn
1320 3254 1348 3318 iu

177 3356 360 3420 scholasticis
380 3357 463 3422 libris
484 3361 605 3432 tradita,
628 3369 660 3423 ut
679 3379 696 3423 a
719 3360 852 3442 linigero
868 3359 897 3422 in
913 3379 955 3442 gr.
972 3379 1016 3442 gr.
1031 3365 1050 3435 t
1066 3361 1121 3434 ot,
1141 3357 1193 3434 tt,
1206 3357 1227 3420 ll
1242 3377 1273 3440 p.
1291 3357 1349 3420 tta

178 3458 213 3520 ed
234 3458 259 3519 l.
275 3467 305 3522 et
319 3459 527 3540 Naegelsbach.
543 3463 580 3524 ad
596 3461 627 3526 ll.
648 3464 674 3536 l,
691 3461 764 3525 223.

266 3559 297 3620 λ’.
317 3559 398 3623 1382
413 3561 443 3624 in
459 3563 592 3626 oratione
603 3565 864 3645 Clytaemnestrae,
880 3583 937 3646 qrra
948 3564 1042 3626 choro
1054 3563 1173 3627 caedem
1184 3565 1263 3645 regis
1274 3562 1351 3627 baud

179 3660 301 3724 inultam
317 3663 381 3725 iore
395 3663 518 3726 minanti
533 3665 710 3746 respondet,
725 3665 798 3730 baec
812 3664 962 3745 leguntur:

683 3759 768 3848 λέγω
789 3760 828 3830 (λε’
848 3784 905 3829 σοι

380 3854 507 3930 τοιαῦτ’
529 3857 680 3930 ἀπειλεῖν
702 3856 748 3942 ὥς
769 3859 1080 3951 παρεσκευασμένης

189 4047 256 4058 ιιι..
263 4047 482 4059 -ι-συ--ιοιι--ιι

250 4150 275 4212 l)
295 4149 360 4202 otta
373 4151 396 4203 in
409 4151 502 4222 opusc.
517 4151 527 4203 l
543 4166 566 4220 p.
578 4150 612 4202 us
624 4151 665 4202 uir
676 4165 787 4202 sanamus
801 4147 862 4207 noir
873 4149 1029 4216 retinuerat,
1046 4149 1186 4218 scripserat
1201 4160 1287 4206 auten
1300 4171 1353 4218 aa·

181 4235 271 4306 μονῆς
282 4229 465 4304 ἀρκυστάτων
476 4231 584 4306 φράξει·
608 4230 650 4288 riv
661 4228 736 4302 ὕψος
747 4263 794 4298 -,
807 4235 872 4304 qnod
882 4250 928 4287 cur
937 4243 1026 4303 ροοιει
1036 4236 1211 4304 repudiaverit
1220 4239 1296 4306 periti
1308 4255 1352 4292 saa

183 4328 272 4388 sponte
290 4321 443 4387 intelligent,
460 4321 541 4373 ninas
558 4323 634 4390 periti
654 4335 809 4386 αοςιοιεειο
831 4327 952 4388 pateam
963 4335 996 4372 os
1013 4319 1127 4372 Elmleil
1142 4323 1307 4376 nassutio-s
1323 4323 1353 4376 sl

183 4405 271 4474 liarip.
285 4403 351 4458 tres
361 4420 388 4458 ν.
400 4403 460 4458 lid.
