3106 4958
778 365 820 430 82

214 572 400 645 corruptum,
415 558 653 644 coniectumque
667 575 684 620 e
699 554 806 621 eritieis
822 553 951 638 prelatas
963 555 1117 640 plerasque
1128 577 1233 624 omnes
1244 559 1378 624 reiieien-

213 667 267 730 ‹ias
283 685 350 728 esse
364 662 542 728 iutiieemus:
557 660 637 744 queri
652 672 749 725 autem
760 659 848 724 etiam
864 659 982 724 Stanieii
997 661 1162 726 emendatio
1174 682 1232 728 una
1248 665 1380 730 omnium

212 768 378 842 verissima,
402 760 550 852 ἐπαχθῆ,
564 765 669 829 eodem
685 783 752 828 eum
769 763 874 827 esteris
889 764 954 828 ioeo
970 785 987 828 ιι
1002 766 1162 830 Wieseiero
1177 768 1283 844 habita,
1297 781 1326 834 et
1344 789 1381 834 ne

212 879 446 935 commemorota
463 869 579 953 quidem
603 877 657 944 eat,
673 883 853 949 magnopere
868 865 1081 950 improbamus.
1122 870 1212 934 biorit
1226 874 1296 934 euin
1319 877 1381 937 ior-

211 985 293 1038 tasse
314 973 434 1056 Reisigii
456 971 629 1045 auotoritas,
651 969 700 1052 qni
723 968 894 1033 adiectirum
910 963 1080 1057 ἐπαχθής,
1105 973 1246 1055 quoniam
1269 975 1335 1038 aiibi
1351 977 1380 1039 in

211 1076 393 1158 tragicorum
416 1075 520 1140 inbutis
542 1093 604 1138 non
623 1073 741 1155 legitur,
762 1069 850 1135 etiam
865 1072 925 1136 boe
938 1072 1004 1136 loco
1020 1073 1134 1138 admitti
1153 1095 1243 1159 posse
1257 1079 1380 1160 negavit.

210 1179 301 1260 Atqui
321 1180 347 1242 si
367 1177 586 1242 auetoritatibus
602 1175 740 1240 surdum
756 1183 815 1248 est,
837 1193 897 1236 ιιοιι
913 1173 1013 1239 minor
1028 1195 1099 1240 sarae
1113 1198 1202 1260 quam
1216 1180 1335 1262 Reisiqii
1350 1183 1380 1245 in

211 1280 262 1343 tati
277 1299 311 1344 re
325 1279 486 1344 auctoritas
501 1279 662 1344 iiermanni
677 1275 843 1352 habebitur,
858 1276 904 1340 eui
920 1276 997 1340 itiam
1013 1279 1131 1343 Staoleii
1146 1283 1380 1348 emendationem

210 1381 368 1463 probatam
384 1401 451 1446 esse
466 1381 586 1446 seimus.
630 1377 738 1458 Quaeri
753 1389 850 1442 autem
873 1389 941 1442 ante
957 1380 1055 1443 omnia
1071 1381 1203 1459 debebat,
1217 1405 1291 1450 num
1307 1406 1381 1468 quae

209 1483 374 1566 probabilis
389 1485 463 1547 ratio
482 1483 615 1566 exputeri
633 1493 750 1566 posset,
773 1501 829 1563 qua
848 1483 976 1563 permoti
1000 1483 1099 1563 tragici
1122 1484 1193 1548 iiiuel
1207 1486 1381 1553 adieetirum

209 1585 413 1661 fastidiissent,
428 1597 458 1649 et
472 1587 497 1649 si
512 1587 623 1652 nuliam
636 1605 703 1649 esse
717 1593 878 1667 appareret,
893 1603 956 1648 non
971 1586 1108 1648 eonsulte
1124 1587 1176 1651 sed
1189 1607 1260 1651 casu
1271 1591 1380 1653 tactum

211 1687 342 1763 moseri,
356 1696 389 1752 ut
409 1687 439 1751 in
454 1689 502 1752 his
518 1707 593 1771 quae
615 1697 715 1752 estant
734 1687 893 1768 tragoediis
910 1706 1056 1770 nusquam
1073 1688 1101 1752 id
1117 1701 1303 1772 usurparent
1341 1694 1381 1755 lie

210 1789 359 1854 sententia
384 1799 483 1854 autem
508 1790 564 1854 loei
591 1787 761 1872 Aeschylo,
787 1796 817 1851 et
842 1808 930 1871 quarn
957 1790 1073 1872 egregie
1099 1793 1168 1855 truie
1192 1793 1261 1856 iliud
1283 1794 1380 1876 ipsum

210 1885 353 1978 ἐπαχθῆ
382 1892 551 1965 conueniat,
585 1891 713 1956 (linimus
740 1891 772 1954 in
800 1899 961 1955 eomment.
988 1911 1018 1974 p.
1047 1893 1124 1970 ast,
1149 1915 1223 1977 quae
1249 1907 1381 1979 repetere

210 1993 273 2056 boe
293 1992 362 2056 loeo
388 1992 459 2057 nihii
485 1992 596 2056 attinet
646 1994 735 2070 Quod
761 2003 857 2056 autem
881 1993 1041 2058 Wieseiero
1058 1996 1161 2077 piacet,
1187 2007 1220 2061 ut
1244 1992 1380 2088 ἐπράθη

213 2095 377 2168 scribatur,
400 2093 430 2158 iel
445 2111 512 2169 nes,
526 2095 640 2160 etianni
656 2095 686 2159 in
701 2093 841 2160 omnibus
856 2093 1177 2174 eodieibusinrentum
1196 2111 1288 2176 esset,
1311 2121 1379 2166 eer-

212 2205 336 2278 ruptum
352 2205 451 2260 umen
466 2205 496 2258 et
509 2195 724 2260 exturbantium
740 2196 835 2260 elicere
850 2214 912 2259 non
920 2195 1130 2276 dubitaremus,
1145 2209 1247 2284 utpote
1255 2222 1380 2285 prorsus

215 2299 361 2380 ineptum.
390 2298 458 2380 lpse
469 2299 644 2363 senteutiam
660 2300 738 2363 bane
751 2297 877 2362 existere
892 2309 1038 2364 autumat:
1053 2321 1097 2374 „o
1107 2322 1135 2365 ιιι
1145 2303 1208 2367 nia
1222 2307 1380 2371 vendita

214 2402 294 2478 (tue.
310 2399 341 2462 in
354 2399 505 2478 servitute)
522 2410 789 2484 suntpraeter
806 2403 912 2484 [quarn]
931 2401 1129 2484 imperare
1145 2406 1250 2471 diter
1280 2409 1381 2492 Neque

212 2502 338 2567 dubium
362 2522 428 2566 esse
449 2511 564 2585 potest,
587 2503 660 2586 quin
675 2503 832 2584 significari
854 2505 900 2566 bis
922 2503 1017 2568 verbis
1033 2507 1170 2582 voluerit,
1194 2530 1296 2574 serres
1316 2531 1382 2574 esse

212 2605 290 2667 dees
312 2623 417 2669 omnes
432 2614 547 2686 praeter
560 2624 654 2668 unum
669 2605 893 2687 imperatorem,
909 2607 1016 2670 iorem.
1060 2609 1121 2672 ianr
1138 2623 1170 2674 ut
1184 2613 1381 2677 eoncetbmus

212 2705 428 2788 aliquantisper
440 2739 483 2754 ·-
498 2707 577 2787 quod
593 2708 727 2789 protecto
742 2725 804 2769 ιιιιιι
820 2705 906 2770 debet
918 2708 1049 2782 concedi,
1066 2744 1107 2757 -
1127 2715 1243 2778 θεοῖσι
1266 2735 1382 2797 κοιρα-

212 2805 298 2882 νεῖν,
325 2805 402 2869 diis
427 2806 623 2888 imperare,
647 2808 703 2871 diei
725 2808 859 2889 potuisse
884 2826 940 2888 pro
967 2809 1117 2873 deorum
1145 2815 1381 2898 imperatore,

186 2909 200 2930 ‘·
213 2902 309 2969 θεῶν
330 2901 484 2993 κοιράνῳ,
507 2925 544 2970 ne
567 2907 611 2971 sie
625 2909 745 2989 quidem
760 2907 838 2972 atiud
855 2907 969 2970 dicetur
983 2907 1039 2972 iilis
1058 2913 1167 2989 verbis,
1182 2915 1240 3002 nisi
1256 2917 1380 2980 deorum

212 3006 424 3088 imperatorem
439 3025 501 3070 non
516 3028 583 3071 esse
598 3009 766 3072 uenditumz
780 3026 931 3089 quumque
946 3008 1070 3074 addatur
1081 3015 1191 3091 statim,
1206 3011 1382 3104 ἐλεύθερος

215 3103 279 3188 γὰρ
295 3099 387 3183 οὔτις
407 3102 481 3172 ἐστὶ
503 3103 590 3192 πλὴν
613 3103 708 3186 Διός,
725 3107 869 3173 videbitur
882 3109 1041 3191 besebpius
1056 3114 1179 3179 liberum
1204 3119 1299 3183 eiicere
1314 3121 1380 3201 qui-

216 3227 336 3289 eunque
350 3226 411 3272 nen
427 3209 626 3292 venienteque
643 3211 756 3274 ratione
772 3228 907 3273 recusare
922 3229 983 3274 non
999 3215 1175 3294 poterimus.
1189 3221 1260 3301 quin
1276 3239 1380 3286 vernas

167 3333 169 3336 ·
215 3328 336 3392 queque
351 3309 382 3373 iu
397 3310 480 3374 beriti
495 3311 586 3374 ιΙιιιιιο
609 3322 709 3382 natos.
729 3321 779 3376 aut
799 3311 913 3376 belotae
928 3313 1159 3394 Spartanorum,
1181 3341 1258 3405 quos
1273 3342 1380 3388 renum

215 3409 280 3473 dari
295 3409 452 3475 adomiois
467 3432 527 3476 noo
543 3415 676 3494 petuisse
691 3425 817 3491 onustat,
836 3423 888 3478 aut
901 3415 988 3498 siqui
1004 3420 1061 3484 snb
1077 3429 1265 3504 tyrannorum
1282 3425 1380 3489 domi-

76 3563 78 3568 .
214 3511 336 3575 naneae
361 3510 472 3580 vivant,
499 3513 555 3578 ires
582 3535 687 3580 omnes
708 3518 849 3601 Aeschylo
876 3522 984 3588 liberos
1010 3523 1091 3588 visos
1117 3544 1184 3590 esse
1205 3535 1378 3592 statuamus.

216 3615 313 3678 i’orre
333 3613 421 3678 ceteri
441 3615 481 3678 nti
501 3635 561 3680 uon
582 3617 755 3701 simpliciter
774 3623 890 3702 servire,
909 3626 960 3690 sed
977 3625 1099 3691 veniisse
1113 3636 1142 3691 et
1156 3629 1250 3710 pretio
1267 3632 1379 3696 uranei-

216 3715 279 3798 pnti
294 3735 361 3780 esse
375 3715 519 3791 dicentur,
535 3721 614 3802 quod
623 3740 711 3804 quam
720 3721 880 3804 absurdum
893 3728 939 3804 eit,
949 3747 1010 3794 uon
1023 3750 1100 3813 opus
1111 3740 1157 3796 est
1168 3733 1378 3798 demonstrare.

212 3817 288 3882 iiam
297 3819 377 3902 quod
387 3818 560 3887 Wreseierue
575 3821 752 3912 πραθῆναι
766 3827 853 3896 etiam
866 3831 1029 3916 improprie
1037 3833 1093 3898 diei
1104 3844 1245 3911 autumat,
1257 3844 1379 3901 testem·

213 3940 272 4004 que
287 3922 356 3987 citat
370 3923 505 3990 Orestem
519 3925 551 3991 iu
565 3928 697 4011 Cbeepb.
713 3949 740 3996 v.
756 3933 819 3997 902
834 3934 907 3998 baee
920 3935 1079 4014 dieentemr

355 4069 357 4074 .
439 4025 542 4112 διχῶς
562 4023 720 4118 ἐπράθην
740 4022 788 4096 ὢν
808 4028 984 4122 euveum
1007 4033 1143 4126 πατρός,
1185 4023 1190 4033 ’

214 4122 323 4188 dieitur
335 4144 406 4191 saue
420 4129 458 4194 ibi
474 4125 631 4221 ἐπράθην
643 4133 821 4219 improprie:
836 4138 889 4201 sed
904 4140 941 4203 de
955 4160 991 4204 eo
1005 4142 1119 4219 dieitur,
1133 4145 1183 4227 qui
1198 4165 1302 4231 reapse
1316 4167 1377 4214 non

213 4242 319 4290 servus
334 4227 464 4295 eediiber
477 4243 535 4310 αις
552 4236 710 4303 Wieselero
722 4249 820 4305 ιιιιιιιι
835 4242 901 4307 taba
913 4246 1045 4328 exempla
1056 4249 1201 4314 ati'erenda
1212 4259 1305 4326 erant,
1317 4251 1376 4329 uhi.

213 4324 266 4409 qui
284 4327 418 4406 semiret.
443 4333 510 4401 lieet
530 4355 592 4404 non
618 4341 753 4409 venditus
774 4353 869 4419 estet,
895 4353 992 4412 umen
1018 4345 1198 4434 πραθῆναι
1222 4352 1376 4427 ditentur·
