3092 4964
478 1568 543 1663 dl)
575 1564 801 1662 EUlllPllllS
832 1563 1034 1660 lllllllltlll.

245 1861 322 1942 lieni
342 1876 431 1942 nobis
451 1877 546 1940 iecere
564 1875 697 1939 videmur
715 1893 770 1938 neo
790 1872 896 1947 Vobis,
915 1870 1148 1944 Cornndlitones‚
1168 1868 1363 1949 ingentem

162 1997 257 2062 noque
268 1989 396 2044 enostro
408 1978 647 2050 oldoioulienntn,
663 1977 698 2053 si,
706 1975 954 2059 quemadmodum
963 1973 1117 2056 aliquoties
1126 1973 1182 2035 inm
1195 1971 1333 2046 lerientes,

162 2083 192 2147 in
212 2084 374 2167 prooemiis
390 2083 559 2148 sobolrrurn
582 2080 670 2146 iudici
690 2079 911 2163 ptrnernittendis
930 2087 1101 2160 argumente
1116 2085 1281 2141 tractamus
1296 2095 1332 2138 ex

9 2171 10 2194 ¹
136 2219 138 2226 v
162 2187 228 2271 ipso
249 2189 417 2254 scholarum
432 2199 604 2252 nostrerum
620 2183 692 2251 orbe
706 2185 876 2269 desumpta,
891 2203 949 2266 qno
966 2193 1016 2247 ent
1030 2201 1104 2266 eponae
1120 2199 1219 2245 eornm
1237 2179 1333 2242 i'eltis

161 2294 316 2376 proposito
331 2301 414 2369 sunt,
434 2290 554 2358 uberius
575 2301 604 2354 et
623 2289 786 2354 accuratius
807 2287 919 2370 scripto
939 2287 1079 2370 explicate
1098 2283 1334 2368 recognoscetis.

161 2407 211 2461 eut
229 2398 265 2462 ud
287 2417 335 2473 eo,
355 2415 429 2480 queo
449 2415 517 2460 mon
533 2393 762 2469 nuntiationis,
790 2393 968 2478 praeparetis
987 2390 1106 2456 oneribus
1122 2387 1334 2471 mentibusque

161 2497 292 2563 venietis.
337 2499 419 2563 lieno
433 2499 471 2562 ob
487 2517 620 2572 oensem,
636 2517 728 2580 quum
744 2515 840 2579 nuper
855 2498 884 2561 in
900 2495 1048 2578 Euripidis
1063 2493 1162 2557 llledeo
1178 2494 1334 2557 nonnullis

162 2601 299 2667 Vestrum
315 2602 532 2685 interpretenda
547 2601 654 2666 versati
670 2601 777 2676 simus,
791 2601 879 2684 lttrjus
895 2620 976 2666 nuno
990 2599 1101 2662 tebulee
1117 2597 1201 2662 looos
1216 2597 1335 2680 uliqnot

163 2704 342 2770 difficiliores
358 2713 482 2769 tonsure
497 2703 618 2788 placuit,
634 2705 670 2768 do
690 2703 797 2787 quibus
812 2713 863 2768 out
881 2704 917 2768 ob
933 2702 1087 2777 Elmsleio‚
1108 2701 1250 2785 primerio
1267 2701 1333 2766 tte·

163 2808 366 2882 deneeditore,
378 2807 525 2882 nutabiis,
539 2807 589 2890 qul
604 2816 675 2888 post
688 2807 858 2871 Elmsleium
871 2807 901 2870 in
917 2806 971 2869 beo
985 2805 1080 2869 lnlnuln
1097 2823 1216 2886 operam
1233 2805 1332 2868 collo·

163 2921 274 2986 cerunt,
285 2910 517 2974 dissentiendum
531 2909 618 2972 uobis
629 2928 696 2972 esse
705 2908 827 2973 uidetur.
836 2907 989 2972 -Stntiur
1001 2907 1030 2970 in
1041 2907 1200 2990 prologos.
1210 2909 1250 2971 to
1259 2927 1329 2990 sqq.

360 3003 434 3076 οὐδ’
455 3001 496 3074 r'r'r
510 3043 552 3056 -
567 3001 712 3095 κατῴκει
733 3003 831 3095 τήνδε
852 3006 911 3096 γῆν
932 3002 1121 3094 Κορινθίαν

361 3109 418 3192 ξῦν
438 3105 534 3196 ἀνδρὶ
554 3107 613 3176 καὶ
633 3104 807 3190 τέκνοισιν,
830 3103 1018 3178 sindonem
1037 3107 1099 3194 μὲν

362 3211 449 3303 φυγὴ
473 3211 621 3280 πολιτῶν
642 3201 688 3279 ὧν
709 3205 852 3302 ἄφίκετο
871 3207 980 3298 χθόνα
1001 3210 1070 3279 κτλ.

161 3319 238 3383 leuno
252 3317 427 3400 scripturum
443 3316 479 3381 nb
498 3317 638 3381 Elmsleio
658 3327 804 3400 reoeptum
825 3334 886 3380 non
907 3315 1027 3398 quidem
1048 3315 1243 3397 praeterimus
1264 3319 1334 3382 nul·

161 3429 243 3504 patre
258 3417 355 3506 φυγῇ,
369 3419 550 3502 probabilem
565 3428 663 3483 utnon
677 3427 707 3482 et
721 3419 825 3501 ipsum,
839 3417 1060 3499 rationibusque
1071 3434 1134 3481 non
1145 3417 1217 3482 sutis
1228 3420 1337 3484 ualidis

162 3521 347 3584 rblattbineo
367 3521 533 3583 domnotoni
553 3539 621 3583 esse
639 3536 805 3582 censemus.
851 3517 925 3582 b'om
946 3537 1038 3598 qnunr
1059 3518 1218 3583 Elmsleius
1239 3523 1335 3584 resti·

149 3621 243 3703 ,pium
257 3622 347 3684 buius
361 3621 526 3702 scripturos
540 3621 618 3704 apud
632 3619 821 3683 scholiastum
837 3619 892 3681 sibi
908 3617 1126 3700 deprehendere
1141 3620 1223 3684 visus
1238 3633 1335 3695 osset.

163 3723 191 3787 id
201 3723 353 3805 vestigium
360 3722 532 3786 blattbiueus
541 3721 652 3785 nullum
663 3720 935 3794 esseooutendiosi
947 3721 1038 3784 modo
1050 3721 1138 3784 verbe
1150 3723 1335 3788 scholiastae

164 3823 438 3907 reoteoooipinntnr.
461 3822 636 3899 Ouodeuim
644 3822 670 3886 is
680 3815 803 3886 dicaret
813 3815 852 3886 δὲ
859 3812 1054 3899 dedemus,
1070 3812 1159 3908 deo»)
1176 3813 1251 3886 αἰτὶ
1268 3822 1336 3888 ‹lo-
1537 3879 1538 3912 q

163 3921 272 4012 τικῆς,
298 3917 373 3990 dect
391 3921 452 3990 τοῦ
470 3915 671 4012 dodonem,
690 3925 750 3988 boo
769 3931 883 3987 tanturn
909 3922 965 3987 ribi
985 3924 1069 3998 nelle,
1088 3943 1180 4006 quum
1207 3929 1338 4008 proprie
1465 3915 1468 3921 ’

164 4027 286 4091 sollium
300 4028 431 4104 diedone,
453 4045 515 4092 nou
529 4029 603 4092 bueo
616 4027 695 4110 ipso,
714 4027 828 4110 plroere
842 4024 1001 4089 Cotintldis
1016 4025 1073 4089 dici
1088 4026 1241 4090 debuisset
1257 4021 1338 4109 (oir-

165 4125 309 4218 dorodop
320 4131 443 4218 φυγῇ,)
458 4139 576 4214 postem
596 4130 712 4194 invem
727 4127 855 4193 dictione
869 4145 932 4191 non
946 4121 1078 4202 sillium,
1095 4130 1176 4212 quod
1192 4129 1336 4210 debebas,

166 4232 218 4296 sed
233 4231 365 4297 Modum
379 4240 504 4315 propter
520 4231 637 4296 uilium
657 4227 803 4315 plrouisso
820 4230 925 4294 disere.
968 4229 1038 4294 'l'ole
1052 4229 1193 4296 iudiciuin
1209 4251 1268 4315 qua
1282 4255 1338 4302 ra-

167 4335 248 4399 tiono
266 4333 441 4399 sobobnstre
457 4331 548 4398 tribui
566 4333 663 4417 possit
681 4335 808 4398 letemur
821 4351 877 4396 uos
892 4348 955 4395 non
969 4331 1140 4415 intelligere.
1182 4334 1238 4400 Est
1250 4337 1337 4404 euim

114 4483 116 4488 -
167 4436 238 4503 illud
253 4436 353 4520 ipsunt
367 4433 448 4519 quod
462 4454 499 4500 ex
514 4435 627 4517 udpete
641 4437 787 4519 scripture
800 4432 955 4517 Euripides
974 4434 1058 4514 tiett,
1076 4433 1210 4503 nedum
1224 4438 1340 4508 Corin·
