3092 4964
704 493 760 560 181

151 689 380 754 accommodari.
424 688 555 773 benique
575 675 649 753 τόθ’
677 673 733 748 in’
757 675 864 750 Ἴλιον
884 673 969 774 ὦρτο
990 682 1159 771 ναυβάτας
1180 682 1321 774 στρατός

150 791 274 860 dubitari
290 811 351 860 non
366 806 465 879 potest
478 795 550 878 quin
566 793 673 858 taicum
689 789 735 854 sit
779 789 854 856 Naro
870 803 942 856 turn
957 791 1089 874 quidem,
1111 813 1219 876 quum
1234 811 1319 858 exer·

151 899 227 964 citus
252 899 288 964 ed
307 899 392 964 iiiam
411 902 562 985 proiectus
583 908 641 974 est,
661 912 723 959 non
742 895 865 960 exolevit
884 914 1090 961 aerumnarum
1112 906 1246 981 tempus,
1265 897 1317 962 ceo

151 1003 206 1068 init
219 1004 278 1067 hoc
292 1003 392 1086 ipsum
408 1004 473 1069 eius
488 1003 613 1069 initium.
650 1002 749 1085 Ιιιιμιε
767 1000 955 1066 scribendum
981 1000 1036 1064 tuit
1064 987 1160 1066 οἶσθ’
1181 991 1238 1066 ἀπ’
1256 991 1316 1066 Ἴλ.
1444 1077 1447 1086 .

134 1092 188 1171 ἀ.
211 1127 237 1170 ν.
262 1124 343 1190 στρ,
368 1107 546 1190 pronomine
559 1108 595 1172 ad
618 1107 778 1193 ψαμμιάν
800 1097 933 1170 ἀκάτιον
953 1104 1054 1169 rciato.

236 1209 304 1274 Non
319 1209 411 1274 terior
425 1220 472 1274 est
485 1210 651 1293 corruptela
667 1210 808 1292 strophae
821 1211 977 1283 secundae,
991 1227 1017 1271 r.
1040 1207 1103 1272 968
1118 1227 1195 1290 sopp,
1211 1227 1315 1290 quam·

151 1332 239 1396 quam
259 1312 346 1377 buius
366 1314 475 1377 ironam
495 1323 607 1397 partera
628 1315 685 1376 iam
705 1313 874 1395 superiores
895 1312 987 1376 critici
1002 1313 1210 1376 emendarunt:
1226 1319 1317 1374 metat

151 1425 264 1484 tantum
279 1427 312 1481 ut
326 1419 494 1501 perficiatur
507 1417 683 1482 emendatio.
713 1417 745 1479 in
761 1415 911 1480 codicibus
927 1415 956 1479 iri
971 1435 1075 1480 uersos
1090 1416 1239 1499 leguntur:

250 1515 342 1604 μάλα
364 1515 426 1606 γάρ
447 1542 500 1586 τοι
522 1523 584 1600 τᾶς
606 1515 734 1598 πολλᾶς
755 1511 884 1602 ὑγιείας

252 1615 434 1708 ἀκόρεστον
454 1619 566 1712 τέρμα.
590 1618 687 1702 νόσος
709 1619 770 1707 γάρ
794 1613 910 1706 γείτων
931 1613 1112 1705 ὁμότοιχος
1133 1614 1265 1706 ίρείόει.

150 1747 278 1812 ιμιοτιιιιι
294 1729 377 1812 prior
391 1749 463 1812 quas
479 1729 518 1792 ob
533 1747 636 1791 causas
652 1725 758 1791 mutari
773 1725 889 1802 debeat,
906 1725 1045 1806 quoniam
1062 1727 1209 1791 nerninem
1223 1725 1310 1788 tatere
1325 1729 1357 1786 tt

150 1841 264 1914 potest,
283 1851 299 1896 ε
320 1832 408 1896 nobie
428 1850 509 1895 none
527 1829 634 1914 carreni
655 1849 716 1892 non
736 1848 814 1912 epus
832 1839 887 1892 cst
927 1829 1128 1910 disquiruntur
1142 1841 1240 1894 autem
1254 1828 1312 1891 due

150 1951 295 2028 decbrnii,
320 1951 483 2034 etquidem
508 1951 596 2015 buius
617 1951 743 2022 tonnae,
773 1949 845 2012 aiter
870 1953 972 2010 νᾶμ’..
988 1979 1025 2025 -,
1055 1952 1128 2014 aiter
1173 1934 1314 2032 ἐάν-ς

149 2072 219 2118 nam
234 2053 265 2118 in
279 2053 465 2134 antistrophe
477 2071 503 2115 ι.
520 2053 578 2117 981
599 2051 724 2116 dubitari
745 2068 806 2113 nen
826 2062 926 2133 petest
944 2055 1015 2135 quio
1030 2062 1081 2116 aut
1095 2073 1163 2118 cum
1179 2049 1314 2122 Persem·

149 2155 339 2220 scribendum
354 2155 395 2219 sit
407 2151 447 2217 τό
470 2145 561 2219 d'irri
583 2149 644 2237 γᾶν
666 2145 761 2229 ἅπαξ
781 2149 886 2216 πεσὸν
908 2149 1115 2234 θανάσιμον,
1138 2164 1189 2218 eut
1202 2169 1314 2222 serrato

148 2279 184 2322 ec
204 2257 362 2324 verborum
379 2256 496 2334 ordine,
518 2254 619 2337 quiin
640 2253 792 2317 codicibus
818 2263 878 2330 est,
903 2252 943 2318 cri
966 2247 1059 2320 δ’ἒπὶ
1081 2253 1143 2340 γᾶν
1164 2253 1268 2322 πεσόν
1288 2251 1315 2344 γ’

148 2354 244 2440 dne}
264 2354 470 2442 θαεάσιμοε,
489 2357 598 2421 inserta
613 2356 755 2438 particula
778 2351 985 2440 posteroria,
1006 2359 1086 2440 quod
1107 2378 1200 2440 genas
1215 2381 1315 2427 emen.

147 2463 246 2540 dandi,
257 2463 422 2546 licctpaene
434 2462 604 2526 infamatum
616 2461 826 2524 nonmdiorum
840 2459 1009 2524 criticorum
1022 2461 1133 2536 abusu,
1148 2463 1207 2527 boc
1218 2475 1314 2528 tamen

147 2567 212 2630 ioco
229 2566 301 2629 nibil
316 2563 490 2628 offensionis
506 2563 595 2626 trater
617 2569 623 2606 ¹
640 2567 676 2640 Ι).
707 2563 806 2644 itaque
825 2562 897 2626 aiter
911 2563 1068 2628 docharius
1083 2564 1113 2628 Ξιι
1130 2566 1252 2648 stropha
1268 2567 1313 2632 bic

148 2673 216 2734 erit:
231 2665 322 2752 μάλα
344 2663 381 2753 γε’
401 2687 453 2732 τοι
475 2662 515 2731 τό
536 2662 648 2743 τᾶς-
664 2665 700 2730 dc
715 2685 774 2748 rpuo
789 2683 878 2728 nenro
894 2665 1022 2728 dubitat:
1037 2667 1159 2732 aiterum
1175 2679 1209 2731 ut
1222 2671 1312 2734 citici·

147 2793 247 2848 entus,
275 2791 331 2855 pro
359 2770 498 2835 adiectiro
512 2765 651 2846 ’πολλᾶς
669 2769 745 2833 atiud
761 2768 855 2832 iustae
867 2787 1022 2834 mensurae
1037 2771 1210 2836 rocabrdom
1225 2793 1311 2855 quae-

147 2875 272 2940 rendum
293 2873 362 2950 crit,
383 2893 438 2938 nec
457 2873 560 2936 dubito
581 2871 653 2953 quin
668 2869 828 2952 descirpius
843 2860 928 2954 ι’ίγαν
942 2873 1108 2956 scripserit,
1126 2875 1209 2938 cuius
1224 2877 1311 2940 inter·

148 2986 363 3060 protamenmnr
391 2970 519 3053 πολλᾶς
543 2976 730 3040 librariorum
757 2993 858 3040 errore
882 2976 1028 3040 invectum
1047 2987 1102 3040 est
1141 2977 1175 3040 in
1196 2979 1313 3042 nomine

149 3070 276 3162 ὑγιείας
286 3087 337 3142 aut
347 3078 533 3160 corripienda
545 3078 766 3162 pronuntiando
779 3076 887 3160 sydoba
898 3079 1111 3160 penultimam
1122 3077 1313 3159 indalicius,

149 3176 282 3266 γεραιός
305 3181 427 3264 aliisque
452 3199 666 3264 nonnunquam
692 3180 755 3244 iieri
786 3192 918 3256 constat,
949 3191 999 3244 aut
1029 3180 1218 3246 scribendum
1249 3202 1312 3248 cunr

148 3283 272 3349 Frauzic
294 3273 421 3366 όγιίας,
441 3293 493 3347 out
513 3304 581 3348 curn
601 3284 772 3348 tiermanno
793 3273 914 3366 όγιΐας.
945 3319 988 3332 -
1018 3286 1051 3349 in
1078 3304 1165 3351 versu
1185 3290 1314 3353 secundo

149 3377 368 3469 ἀκόρεστον
389 3379 510 3469 τίρμα,
532 3386 647 3450 etiarnsi
672 3385 700 3449 id
724 3405 791 3450 cum
818 3385 990 3452 Hermanno
1016 3389 1046 3451 in
1072 3389 1178 3454 malam
1205 3403 1314 3474 partem

148 3490 384 3572 interpretemur,
399 3495 498 3551 umen
513 3489 585 3553 niun
599 3488 676 3553 atiud
689 3489 854 3570 siguificare
863 3490 975 3571 peterit
985 3509 1074 3573 quam
1086 3492 1171 3556 cuius
1181 3493 1315 3559 homines

149 3609 239 3672 sopra
254 3587 378 3653 modum
393 3588 492 3672 cupidi
507 3591 567 3654 sint
581 3591 738 3674 satiarique
753 3610 788 3654 co
804 3609 958 3675 nunquam
974 3593 1105 3673 possint,
1124 3597 1316 3676 quemadmo-

149 3695 220 3758 dum
247 3691 322 3756 inira
348 3710 375 3753 ι.
404 3691 501 3766 1304,
526 3687 566 3756 τό
593 3689 655 3776 γάρ
684 3679 722 3757 τό
743 3686 903 3776 πράττειν
929 3683 1111 3777 ἀκόρεστον
1135 3687 1201 3782 ε”φυ
1228 3693 1315 3761 πᾶσι

136 3793 327 3877 ¹eporeiam.
365 3793 415 3858 Sic
430 3803 528 3858 autem
543 3813 605 3858 non
620 3793 719 3876 potuit
734 3794 858 3858 musclis
873 3795 1035 3858 enuntiatio
1050 3796 1205 3880 subiungi,
1219 3793 1316 3875 νόσος

150 3891 210 3980 γάρ
233 3887 350 3979 γείτων
371 3887 549 3977 ὁμότοιχος
569 3888 701 3982 ίρείόει.
738 3895 874 3960 Absurde
898 3896 977 3960 enim
997 3898 1058 3962 hoc
1076 3897 1235 3974 diceretur,
1259 3901 1315 3964 ho·

147 3997 427 4062 minecrdetudinis
441 4007 599 4082 propterea
613 4016 704 4079 supra
719 3998 843 4061 modum
858 3999 983 4081 cupidos
999 4018 1082 4072 esee,
1097 4000 1178 4081 quod
1193 4003 1314 4066 morbus

150 4099 178 4165 ci
203 4099 317 4163 virinus
342 4109 434 4178 esset,
460 4119 534 4183 quae
559 4119 609 4166 ree
633 4101 816 4184 restinguere
841 4101 942 4184 potius
969 4101 1161 4184 cupiditatem
1190 4105 1318 4171 deberet.

150 4201 351 4279 Quamobrem
365 4203 553 4286 probandum
568 4201 658 4268 videri
673 4203 771 4287 percit
781 4202 861 4287 quod
872 4203 1032 4269 Sebdtrins
1043 4207 1212 4290 proposuit,
1225 4199 1317 4272 ἀπό·

151 4341 320 4352 -οιι--ι
333 4344 336 4350 ι
363 4342 396 4352 .—
408 4342 450 4352 0-

221 4426 261 4492 11)
280 4427 362 4482 iioite
378 4427 460 4481 ιιιίιιιιι
471 4435 555 4497 eptem
571 4429 720 4498 perticulam
738 4445 797 4482 eree
815 4436 873 4498 poet
888 4431 1041 4485 edieetirum
1059 4431 1085 4484 ie
1102 4447 1129 4484 v.
1147 4432 1212 4500 aas,
1228 4434 1271 4504 qut
1286 4433 1318 4486 eb

149 4509 292 4566 tiemaro
301 4513 339 4566 rie
351 4512 472 4582 seriptum
484 4521 537 4566 erte
549 4509 628 4584 prdie
639 4514 675 4583 γί
684 4529 728 4566 τοι
741 4510 773 4566 τὸ
785 4515 889 4572 arctior
904 4509 930 4584 γ’
948 4511 1084 4586 ἀγι1ιις-
1093 4517 1216 4572 ueniae·
1227 4517 1316 4584 inuict-

123 4700 204 4724 Α
