3078 4954
731 515 792 579 tto

629 692 668 766 oi
684 699 775 768 θεῶν
797 693 1002 787 α’γχίσποροι

427 795 464 869 οἳ
483 799 590 890 Ζηνὸς
611 799 713 889 epple,
736 793 789 882 οἷς
808 800 844 870 ἐν
862 798 974 892 Ἰδαίῳ
996 799 1096 892 πάγῳ

428 903 516 986 Διὸς
530 903 689 994 πατρῴου
704 903 820 991 βωμός
833 901 904 974 ἐστ’
918 903 954 974 ἐν
968 902 1093 996 αἰθέρι,

428 1001 547 1078 noireto
561 1031 643 1098 σφιν
658 1003 805 1098 ἐξίτηλον
819 999 905 1094 αἷμα
920 1007 1098 1095 δαιμόνων.

187 1117 261 1194 outo
282 1119 321 1181 sit
336 1117 418 1192 illud,
439 1117 518 1198 quod
535 1136 566 1179 re
581 1115 808 1197 comprobatum
828 1136 894 1179 esse
908 1125 1008 1198 negat,
1029 1120 1122 1182 fateor
1138 1141 1185 1184 me
1200 1139 1262 1185 non
1277 1123 1349 1186 satis

187 1223 351 1304 intelligere.
396 1221 469 1285 b'am
484 1223 564 1303 quod
579 1229 675 1284 toturn
690 1223 790 1282 lictum
807 1228 835 1280 et
851 1221 1088 1286 commenticium
1104 1235 1164 1298 est.
1184 1226 1234 1308 qui
1253 1226 1352 1308 potuit

187 1347 218 1390 re
232 1323 443 1409 comprobari?
486 1327 531 1388 dn
548 1326 622 1387 lorte
637 1325 695 1386 boo
709 1323 808 1398 soluit,
824 1323 889 1386 illos
904 1324 1028 1390 deorum
1043 1329 1119 1392 idios
1134 1348 1196 1393 non
1211 1351 1351 1414 apparere

145 1435 174 1486 tt
190 1447 227 1493 ne
241 1431 272 1494 in
293 1430 423 1495 sabulosa
442 1429 560 1512 quidem
582 1427 690 1490 bisoria
711 1425 793 1502 tales,
809 1446 885 1508 quos
900 1429 1005 1493 merito
1025 1431 1091 1513 quis
1106 1433 1211 1498 dixerit
1224 1435 1350 1499 divinam

186 1545 320 1598 naturam
339 1533 484 1596 humanae
503 1531 624 1594 mistam
645 1527 774 1594 babere?
817 1531 905 1612 Atqui
925 1533 984 1596 lroe
1002 1543 1079 1598 certe
1093 1537 1282 1602 nranilestum
1298 1547 1352 1614 est,

186 1640 309 1701 deorum
330 1637 406 1700 filios
426 1635 530 1699 ueteris
551 1633 723 1696 mortalibus
743 1635 973 1716 praestantiores
994 1638 1122 1703 creditos
1141 1659 1208 1704 esse
1228 1640 1353 1722 ideoque

186 1743 242 1805 diis
257 1739 423 1804 similiores.
459 1735 516 1814 Qut
531 1737 557 1800 si
573 1737 664 1800 multa
679 1756 768 1817 saepe
784 1735 901 1812 iaciunt,
915 1756 990 1820 quae
1005 1740 1093 1804 nobis
1107 1742 1225 1824 quidem
1240 1761 1352 1825 aequa·

186 1863 274 1926 quam
295 1842 408 1906 «livinae
428 1849 548 1904 naturae
568 1841 725 1902 conuenire
744 1840 911 1914 videantur,
933 1861 1092 1906 eommune
1112 1844 1140 1907 id
1160 1845 1271 1909 habent
1285 1865 1353 1909 nant

187 1945 367 2029 parentibus.
411 1945 477 2006 lion
499 1942 636 2006 meliores
655 1943 727 2005 deos
748 1952 798 2004 aut
821 1941 943 2005 deorum
964 1943 1039 2007 lilios
1060 1947 1171 2025 lingere
1190 1948 1352 2012 tabularum

187 2061 323 2112 auuores
339 2065 427 2128 quana
443 2065 498 2126 pro
519 2065 575 2108 sno
591 2053 675 2126 raptn
695 2053 844 2125 poterant:
864 2045 1046 2125 posteriores
1064 2055 1162 2110 autem
1182 2061 1286 2132 poetae
1308 2052 1353 2113 la·

187 2151 271 2214 bulas
290 2149 328 2212 ab
345 2147 446 2212 ultima
465 2147 636 2227 antiquitate
661 2147 781 2209 traditas
801 2147 847 2208 alii
869 2147 1037 2228 repetebant
1062 2151 1231 2230 promiscue
1255 2153 1354 2234 quales

187 2263 279 2326 erant.
294 2259 345 2314 aut
354 2249 535 2313 exornabant
546 2247 633 2310 etinnr
649 2267 705 2310 suo
717 2249 820 2322 modo,
836 2247 907 2310 nibil
921 2249 979 2311 aiei
990 2250 1170 2331 voluptatem
1185 2253 1353 2317 auditorum

188 2363 373 2436 quaerentes,
389 2351 435 2414 alii
448 2351 548 2414 sanins
561 2348 698 2412 indicium
711 2369 745 2412 ao
756 2349 899 2412 delectans
915 2350 1100 2428 adhibebant,
1114 2372 1246 2436 quaeque
1257 2355 1355 2438 inepta

188 2465 217 2520 et
232 2455 289 2520 diis
305 2455 422 2536 indigna
437 2453 617 2526 riderentur,
636 2463 686 2515 ant
705 2452 879 2516 omittebant
893 2463 943 2516 aut
962 2454 1049 2518 etiam
1069 2455 1179 2538 apertis
1194 2457 1291 2522 verbis
1303 2473 1354 2522 ‘re-

187 2559 362 2641 probabant
376 2567 410 2620 ut
424 2549 552 2620 ἀοιδῶν
565 2548 742 2640 δυστήνους
756 2549 881 2638 λόγους,
898 2555 981 2619 cuius
996 2557 1113 2638 generis
1128 2560 1260 2642 exempla
1275 2561 1354 2642 apud

187 2662 349 2725 Pindarum
368 2661 499 2741 aliosque
519 2657 672 2741 eontplora
690 2663 779 2720 sunt¹
793 2659 831 2733 Ι).
881 2658 913 2720 ln
934 2658 979 2720 bie
1000 2659 1087 2722 etiarn
1108 2641 1266 2743 deebylnm
1287 2683 1354 2726 esse

187 2764 246 2828 iam
266 2781 358 2845 supra
377 2761 494 2836 monui,
512 2762 561 2842 qui
577 2780 668 2842 qnurn
685 2759 715 2822 in
731 2759 920 2842 Supplieibns
936 2760 1034 2824 lovem
1054 2771 1087 2825 ut
1105 2764 1353 2844 perfectissimum

186 2867 372 2948 deorumque
390 2864 523 2927 onmium
541 2863 666 2926 niaxime
685 2862 829 2936 (lirinum,
849 2863 936 2925 simol
956 2871 1053 2926 autern
1074 2865 1104 2928 in
1120 2866 1223 2929 eodem
1239 2868 1354 2931 cantico

187 2979 221 3033 ut
235 2971 285 3032 los
300 2977 462 3031 amatorem
478 2967 616 3050 oelelnnt.
634 2984 754 3028 neeesse
768 2975 814 3028 est
832 2965 918 3030 etiarn
939 2985 1070 3029 amorenr
1087 2967 1166 3031 illum
1182 2987 1242 3032 aon
1258 2969 1354 3032 libidi-

187 3090 314 3144 nosum‚
334 3079 366 3132 nt
386 3069 516 3132 lrominis
536 3063 757 3149 intemperantis
777 3077 805 3128 et
820 3087 961 3148 nequam.
980 3069 1032 3130 sed
1052 3068 1172 3150 dignum
1188 3070 1356 3152 saginaverit

188 3173 268 3237 loris
284 3171 331 3234 sui
345 3171 501 3233 divinitate.
533 3171 591 3232 lain
608 3187 676 3232 sero
692 3187 779 3250 quarn
796 3168 835 3231 ob
850 3189 968 3232 musam
984 3170 1112 3252 religiosi
1128 3171 1267 3236 homines
1282 3175 1354 3237 deos

188 3295 259 3338 nant
286 3273 457 3336 tnulieribus
483 3271 678 3334 concubuisse
709 3271 898 3344 crediderint,
929 3271 1049 3336 duobus
1075 3283 1153 3336 certe
1178 3275 1356 3342 testimoniis

186 3377 309 3440 disertis
333 3395 349 3438 a
375 3393 423 3436 me
447 3373 683 3436 dernenstratnrn
709 3381 764 3435 est.
808 3373 881 3437 Nam
908 3395 974 3438 earn
999 3375 1138 3440 blerneaa
1159 3376 1257 3444 love»
1271 3397 1355 3442 oon·

187 3499 326 3561 marn
346 3497 411 3538 esse
429 3495 490 3539 non
511 3475 639 3539 libidinis
660 3475 818 3557 explendae
839 3496 942 3552 carisa,
962 3479 1013 3542 sed
1033 3489 1067 3542 ut
1080 3479 1172 3547 noe..
1188 3491 1357 3563 procrearet

187 3581 366 3655 semideum,
381 3579 566 3644 etltiodonn
579 3587 702 3642 testatur
713 3576 758 3653 tt,
769 3577 798 3652 9,
809 3579 989 3662 antiquiores
1001 3595 1137 3646 :aotoms
1146 3591 1305 3666 sequutus¹
1318 3588 1356 3664 ⁸),

187 3695 219 3750 et
235 3684 399 3749 llesiodeus
414 3692 500 3766 poeta
515 3681 546 3746 in
562 3685 653 3747 Scuto
665 3681 749 3746 llere.
766 3701 791 3746 r.
807 3682 860 3746 211.

186 3843 292 3853 ..σου

260 3923 301 3988 li)
320 3924 390 3978 l’isd.
403 3924 444 3977 01.
458 3923 477 3988 l,
487 3923 529 3976 52.
550 3921 648 3994 11,δῖ
672 3921 723 3989 tlt,
736 3921 778 3976 11.
803 3923 835 3976 el.
846 3923 967 3994 Seebeeli,
978 3925 1042 3978 iiber
1052 3927 1102 3979 dea
1113 3927 1250 3994 eettptttses
1262 3929 1356 3982 sust·

185 4008 390 4078 penetrasses,
403 4009 427 4061 io
441 4003 621 4089 llusffsea.
633 4023 692 4060 saa.
708 4007 781 4070 1811,
793 4024 818 4076 p.
830 4009 879 4061 591
893 4027 947 4078 sqq.
963 4037 998 4050 -
1013 4010 1051 4063 iu
1064 4011 1207 4081 Aeschylus
1219 4013 1291 4067 Eam.
1302 4017 1355 4069 aab

185 4101 277 4162 sporta
289 4093 432 4162 obloquitur
445 4092 547 4146 k'oulaa
565 4094 597 4145 de
610 4091 729 4160 llelplrieo
746 4093 850 4146 oraeulo
867 4109 914 4163 per
926 4095 975 4147 aim
989 4093 1104 4148 Themisti
1115 4105 1218 4168 erepto,
1230 4099 1254 4152 ia
1267 4100 1356 4168 Agros.

187 4177 268 4230 teeite
284 4177 368 4232 reiicit
382 4177 489 4231 tatano
506 4179 539 4232 de
555 4177 635 4232 ltisss
652 4186 756 4246 propter
776 4193 877 4230 esrvsss
896 4173 1070 4250 interemptum
1086 4182 1209 4237 immolari
1225 4185 1357 4253 deenen·

186 4263 264 4316 assis
277 4263 354 4315 flliaas
366 4264 474 4330 iubente,
488 4266 511 4317 is
522 4263 674 4318 Prometheo
686 4263 794 4316 telate·
803 4265 835 4317 de
848 4265 973 4318 sserideio
982 4267 1136 4323 bleeoaeasi.
1157 4269 1196 4324 ct.
1206 4271 1281 4326 atissa
1293 4288 1357 4342 qaae

187 4349 374 4416 Aristophanes
386 4347 448 4401 lias.
460 4365 485 4402 ν.
501 4351 565 4404 tuat
578 4367 632 4420 sqq.
645 4350 799 4419 Aeselqissa
811 4350 936 4404 dieenteaa
948 4352 1017 4408 lseit.

261 4433 303 4498 ¹8)
321 4433 374 4486 lloe
385 4433 451 4486 esi·
463 4434 515 4502 ipse
524 4437 657 4504 slgsibeet.
681 4436 768 4490 Sistite
780 4437 812 4489 da
823 4437 950 4491 snoriltas
962 4437 1029 4493 levis
1038 4441 1154 4496 isdieiasa
1163 4461 1196 4498 aa
1205 4444 1357 4513 antiquiori·

186 4520 239 4574 bu
251 4519 316 4572 snat
333 4517 408 4572 dabie
424 4519 571 4574 ruderibus
588 4521 703 4574 amavit
718 4521 797 4574 acuat
814 4520 915 4576 Pisdsr.
932 4523 1003 4578 lien.
1016 4525 1082 4593 Vlll,
1098 4531 1128 4580 dr
1144 4523 1229 4599 dysin
1240 4527 1312 4590 Ζεὺς
1322 4525 1358 4585 orb
