3196 4954
556 444 559 451 ·
677 411 740 477 23³

608 499 809 514 -ι-ιιιιι--Ιι

126 600 333 666 οιιιιιιιιοιιιιιι
348 599 441 664 iustae
454 619 554 666 rerum
569 599 733 664 ιιιιιιιισιιι
747 601 829 683 qnasi
845 600 1074 684 praeludentem.
1102 597 1177 662 Nam
1191 597 1289 681 epito-

128 723 193 770 mas
209 723 277 768 vere
291 704 485 786 Goettlingius
504 724 533 788 p.
549 703 598 768 XV
618 723 654 768 eo
673 703 800 768 merione
819 704 942 769 oonsilio
964 701 1069 768 coniici
1090 701 1193 766 solitas
1220 720 1289 764 esse

126 807 210 883 dicit,
227 817 261 873 ut
274 815 325 873 out
338 807 518 872 discentibus
533 807 646 872 facilior
656 807 692 870 ad
707 807 772 890 ipsa
787 808 899 872 maiora
914 825 1003 890 opera
1018 806 1114 870 aditus
1128 816 1289 888 pararetur,

126 920 176 977 aut
194 913 244 995 qui
264 912 335 975 hoec
352 912 448 993 legere
466 929 528 975 non
548 921 684 994 possent,
709 909 804 992 aliqua
823 911 925 974 saitem
945 909 1172 992 proecipuomm
1187 927 1289 972 rerum

127 1015 294 1095 cognitione
308 1015 530 1087 instruerentur,
545 1013 591 1078 cui
607 1013 731 1077 oonsilio
746 1012 859 1078 libellus
871 1023 930 1076 ιιιιι
943 1031 1081 1085 mannas,
1098 1023 1158 1076 tarn
1178 1011 1288 1076 obsor-

128 1137 194 1195 rus,
211 1129 270 1182 ιιιιι
291 1117 477 1181 tumultuarie
496 1117 625 1199 scriptus
640 1117 780 1180 inservire
800 1117 881 1180 nulio
898 1115 989 1182 modo
1004 1115 1109 1197 potuit
1139 1115 1178 1178 Ut
1190 1126 1289 1179 autem

127 1223 203 1285 inter
216 1219 381 1284 Aristotelis
396 1238 485 1302 opera
500 1220 547 1283 hic
560 1218 676 1283 libellus
690 1220 882 1302 reciperetur,
899 1221 1005 1282 iactum
1021 1216 1099 1282 houd
1114 1217 1203 1280 dubie
1217 1235 1290 1300 pro·

127 1334 193 1404 pter
206 1339 343 1403 magnam
359 1339 426 1386 cum
441 1321 604 1386 Aristotelis
619 1321 732 1403 placitis
748 1321 995 1385 convenientiam:
1010 1339 1101 1402 eaque
1115 1321 1180 1403 ipsa
1191 1339 1289 1394 ιιιιιι,

129 1444 195 1488 meo
210 1423 329 1499 iudicio,
344 1423 430 1486 etiam
445 1423 586 1487 maiorem
601 1422 765 1486 Philodemi
781 1423 950 1487 testimonio
970 1424 1172 1487 auctoritatem
1187 1425 1290 1487 conci·

128 1527 187 1602 liat,
207 1527 257 1609 quui
278 1543 347 1590 sane
367 1536 426 1589 tam
446 1525 645 1600 Aristoteiium
665 1524 792 1589 iihellum
811 1523 959 1588 Aristoteli
980 1524 1109 1590 tribuere
1123 1544 1185 1589 non
1201 1525 1289 1590 dubi·

130 1639 230 1703 tasset,
256 1628 313 1693 nisi
335 1647 403 1693 eum
425 1629 462 1692 sd
480 1629 719 1710 Theophrastum
742 1626 842 1711 potius
864 1628 1011 1709 pertinere
1033 1637 1218 1711 compertum
1233 1628 1288 1691 ha·

130 1731 253 1796 buisset

213 1833 368 1915 Reliquum
384 1839 440 1905 est,
455 1841 498 1907 ut,
521 1833 769 1915 quemadmodum
785 1831 931 1914 pollicitus
946 1850 1022 1906 sum,
1041 1833 1127 1896 etiem
1142 1834 1179 1896 de
1194 1834 1288 1915 ipsius
1305 1851 1340 1904 ιι

129 1936 291 2001 Philodemi
311 1935 472 2016 praeceptis
493 1935 692 1998 oeconomieis
710 1953 803 2017 pauca
823 1933 957 1997 delibem.
980 1934 1024 1997 ·ls
1049 1935 1137 2015 ip'tur
1161 1936 1290 2016 primum

129 2059 158 2121 p.
175 2038 226 2113 49,
244 2036 282 2102 1³
299 2035 335 2099 de
349 2035 460 2098 ambitu
476 2036 564 2100 huius
579 2035 751 2118 disciplinae
765 2053 826 2099 non
842 2036 999 2100 conuenire
1017 2035 1072 2098 sihi
1092 2055 1159 2099 eum
1174 2037 1290 2100 Aristo-

129 2141 185 2204 tele
199 2149 229 2204 et
242 2139 449 2220 Theophrasto
464 2137 608 2201 ostendit:
622 2155 719 2219 neque
733 2137 812 2200 enim
827 2136 886 2201 hoo
898 2137 952 2200 sihi
967 2137 1157 2219 propositum
1173 2137 1291 2214 habere,

129 2251 163 2307 ut
177 2242 292 2314 doceat,
307 2259 364 2322 qua
379 2241 493 2304 ratione
508 2239 669 2302 domestica
684 2239 740 2303 uita
755 2239 932 2304 instituenda
948 2239 996 2312 sit,
1018 2250 1052 2303 ut
1066 2239 1141 2302 hene
1155 2240 1186 2304 in
1200 2241 1290 2304 domo

129 2344 184 2408 viui
199 2343 306 2427 possit,
327 2341 377 2404 sed
393 2341 545 2423 quomodo
560 2341 704 2422 egendum
721 2341 760 2404 sit
774 2342 851 2406 eirca
870 2341 1017 2404 honorum
1041 2343 1291 2425 comparationem

130 2457 160 2511 et
174 2445 440 2511 conseruationem:
460 2460 583 2523 comque
597 2462 664 2507 esse
678 2463 776 2508 uorum
797 2463 832 2508 ao
850 2444 1001 2526 propriam
1021 2445 1213 2508 oeconomiae
1234 2464 1292 2508 no·

131 2550 252 2612 tionem.
283 2538 524 2624 Διαλιξόμεθα
536 2538 655 2623 roim,
675 2546 779 2628 inquit,
799 2539 858 2624 οὐχ
871 2537 917 2622 ὡς
931 2539 966 2608 ἐν
979 2537 1064 2631 οἴκῳ
1079 2544 1188 2624 καλῶς
1201 2537 1293 2612 ἔστιν

129 2648 236 2734 βιοῦν,
247 2640 323 2713 ἀλλ’
335 2641 381 2724 ὠς
392 2644 557 2712 ἵστασθαι
568 2643 621 2711 dei
631 2645 709 2733 περὶ
719 2643 894 2735 χρημάτων
908 2643 1053 2730 κτήσεως
1067 2669 1104 2713 τι
1117 2644 1176 2713 καὶ
1185 2647 1291 2737 pti-o·

130 2755 197 2839 κῆς,
216 2745 297 2835 περὶ
315 2739 338 2812 d
359 2744 418 2835 τὴν
433 2741 626 2831 adsumptae
637 2747 695 2814 καὶ
712 2746 771 2814 τὸν
792 2743 1005 2831 discerpendo
1022 2743 1118 2826 ἰδίως
1135 2755 1291 2817 νοεῖσθαι

130 2849 347 2938 σομβὲβηκειι
360 2851 608 2933 quemadmodum
616 2853 703 2916 etiam
712 2853 741 2916 in
751 2853 964 2934 superioribus,
972 2855 1093 2937 puto,
1101 2857 1293 2920 oeconomiae

130 2975 207 3041 opus
227 2957 286 3019 hoc
304 2973 371 3024 esse
390 2954 476 3028 dixit,
500 2951 540 3018 cci
558 2949 710 3039 πορίζειν
729 2952 838 3020 πολλὰ
856 2950 1009 3041 χρήματα
1028 2951 1087 3019 καὶ
1105 2953 1292 3042 φυλάττειν,

131 3057 206 3137 πῶς
217 3065 287 3140 (ιιι.
299 3051 405 3136 ὅπως)
418 3054 569 3138 διαμενεῖ
578 3054 621 3121 τοι
635 3053 848 3143 πορισθέντα
862 3054 920 3122 καὶ
935 3051 1205 3143 προιποιρχοντα.
1234 3061 1294 3124 Ne·

130 3182 189 3246 que
203 3162 286 3226 aliter
300 3160 384 3242 uulgo
400 3161 436 3224 ab
451 3161 619 3226 hominibus
632 3161 825 3226 oeconomiae
838 3162 991 3225 notionem
1003 3173 1154 3244 acceptam
1169 3183 1237 3227 esse
1251 3165 1295 3228 ιιι

130 3286 165 3329 ex
180 3285 215 3329 eo
230 3273 318 3347 patet,
338 3264 418 3346 quod
435 3263 499 3347 ipse
513 3263 695 3340 Aristoteles,
715 3265 764 3328 uhi
780 3285 814 3328 ex
830 3264 941 3346 vulgari
962 3265 1184 3342 consuetudine,
1202 3287 1296 3331 none

131 3387 183 3432 ιιιι
198 3367 342 3431 sententia
359 3367 498 3449 loquitur,
518 3367 611 3431 Ethie
625 3367 741 3432 Ninum.
761 3369 787 3443 i,
808 3370 819 3431 ι
838 3365 933 3447 τέλος
947 3360 1140 3451 οἰκονομίας
1154 3367 1297 3435 atatem

131 3469 209 3546 dicit,
222 3479 251 3532 et
265 3468 354 3532 uotis
368 3470 389 3545 1,
403 3470 423 3533 2
439 3489 468 3552 p.
483 3471 512 3542 5,
528 3471 569 3532 at
585 3471 790 3535 oeconomiam
806 3472 956 3536 nonnullis
971 3471 1094 3535 modom
1113 3479 1203 3555 quam
1216 3495 1296 3562 ppp-

129 3563 330 3656 poceormp'r
347 3569 438 3634 uideri
458 3573 622 3653 profitetur.
652 3573 689 3636 Et
703 3573 931 3655 Xenophontem
952 3593 1081 3657 quoque,
1100 3575 1127 3638 si
1146 3577 1213 3658 quis
1232 3578 1297 3642 eius

130 3675 236 3740 libmm
251 3673 415 3737 accuratius
430 3673 644 3750 examinaverit,
664 3691 726 3738 non
741 3675 900 3760 abhorrere
914 3677 952 3738 ah
966 3677 1073 3758 νιιιςιιι
1090 3696 1146 3741 usu
1160 3679 1296 3744 animad-

130 3785 232 3841 vertet.
258 3776 440 3856 Quamquam
456 3773 535 3836 enim
549 3773 633 3836 initio
648 3793 711 3856 cap.
730 3776 791 3850 tt
808 3775 879 3840 boni
893 3779 1051 3842 oeconomi
1066 3779 1125 3842 hoo
1135 3797 1203 3844 esse
1215 3781 1296 3856 dicit,

131 3867 167 3945 εὖ
183 3871 285 3944 οἰκεῖν
296 3871 354 3942 τὸν
367 3867 488 3941 iocoso
501 3861 602 3954 oinos,
622 3876 702 3959 quod
718 3895 790 3941 sone
803 3877 890 3942 latius
910 3889 1000 3960 patet,
1019 3897 1088 3943 mox
1108 3891 1207 3954 tannen
1226 3889 1256 3960 ι.
1275 3883 1296 3948 8

23 4031 27 4038 .
132 3969 224 4047 nisos
238 3979 316 4044 idem
332 3978 411 4062 rpuod
425 3973 543 4064 κτῆσιν
556 3997 623 4041 esse
637 3979 753 4054 statuit3
767 3989 796 4043 et
806 3998 996 4065 quecunque
1006 3981 1146 4066 deinceps
1155 3985 1193 4048 de
1205 4005 1297 4050 oeco-

131 4084 214 4150 nomi
230 4081 335 4148 officiis
350 4080 579 4164 praecipiuntur,
594 4079 624 4144 in
639 4101 672 4145 ea
687 4091 800 4146 tantum
811 4092 1068 4165 permisceantur,
1082 4104 1171 4169 quom
1182 4109 1298 4176 κτητι-

132 4181 191 4274 κήν
204 4182 375 4250 Aristoteles
390 4183 472 4259 dixit,
492 4183 576 4248 et'sd
591 4184 670 4249 hona
685 4185 728 4249 vei
747 4187 954 4268 comparanda,
973 4189 1017 4252 uel
1036 4191 1153 4266 tuenda,
1172 4211 1298 4258 conser-

131 4286 235 4358 vando,
255 4284 439 4367 disponenda
453 4285 610 4364 pertinent
639 4285 820 4368 simpliorem
833 4298 931 4352 autem
947 4291 1140 4358 oeconomiae
1153 4293 1298 4361 ambitum

132 4396 162 4451 et
174 4383 327 4450 honestius
342 4383 473 4448 osticium
487 4384 570 4447 Plato
584 4386 750 4468 assignavit
780 4391 878 4453 hrtern
893 4391 973 4455 enim
987 4413 1057 4458 esse
1076 4395 1171 4461 uoluit
1189 4397 1298 4464 domus
