3078 4954
289 637 400 714 llegem
421 650 516 714 nuper
540 632 666 714 imperio
687 632 813 716 potitum
829 635 865 698 de
884 633 994 708 amico,
1020 635 1103 698 cuius
1122 634 1229 699 auxilio
1244 654 1369 717 regnum

202 741 327 820 adeptus
345 736 398 810 sit,
418 745 541 818 propter
559 737 667 798 lactum
682 735 817 818 aliquod,
838 756 984 820 generoso
1003 737 1122 820 quidem
1142 739 1233 801 animi
1249 739 1371 821 impetu,

202 841 253 903 sed
270 849 374 902 contra
385 838 462 918 regis
473 837 629 918 imperium
640 839 836 904 commissum
851 859 963 925 poenas
978 848 1158 922 repetentem
1174 840 1370 922 grauissimas,

202 960 265 1005 non
286 941 379 1003 modo
398 941 429 1002 in
450 941 563 1003 theatro
579 941 683 1003 sedne
698 941 728 1004 in
744 941 800 1005 rita
816 943 934 1023 quidem
955 961 1135 1027 magnopere
1151 943 1370 1024 reprebenden-

200 1045 273 1106 dum
286 1042 489 1116 iudicabimus,
505 1043 584 1124 quod
596 1044 679 1124 regni
691 1045 825 1108 lirmandi
842 1065 943 1110 cumm
958 1047 1106 1129 potiorem
1121 1046 1254 1110 babuerit
1264 1045 1370 1109 ueteris

199 1146 347 1211 amicitiae
363 1145 513 1209 memoria.
549 1147 755 1210 Verumtamen
775 1148 802 1210 si
822 1151 931 1212 lactum
947 1149 1015 1213 illud
1038 1149 1124 1213 amici
1144 1149 1370 1213 saluberrimum

201 1249 315 1332 patriae
331 1249 425 1324 luerit,
440 1249 534 1330 sitque
546 1249 592 1312 ille
602 1249 751 1313 amantior
761 1253 874 1332 populi,
890 1271 978 1334 quam
991 1271 1041 1316 rex
1053 1253 1126 1334 ipse,
1139 1253 1371 1317 consulendum·

202 1373 262 1436 que.
283 1353 396 1436 poprdo
416 1352 503 1415 etiam
525 1351 614 1415 inrito
629 1370 698 1433 rege
714 1372 781 1416 cum
800 1373 918 1417 summo
934 1375 992 1419 suo
1007 1356 1137 1437 periculo
1153 1365 1287 1438 certaque
1301 1375 1371 1438 per·

201 1455 279 1518 nicie
294 1455 437 1527 statuerit,
453 1473 553 1519 nonne
568 1455 747 1530 amabimus,
770 1474 831 1519 non
846 1457 1057 1521 admirabimur
1071 1459 1133 1521 eius
1152 1459 1242 1522 animi
1257 1459 1372 1540 magui·

200 1559 348 1632 tudinem,
363 1578 423 1622 non
436 1559 627 1636 laudabimus,
640 1558 720 1640 quod
737 1560 814 1640 regis
830 1561 902 1623 iram
914 1561 1020 1624 mereri
1036 1580 1124 1644 quarn
1139 1561 1243 1624 deesse
1258 1563 1371 1644 populo

200 1663 351 1736 maluerit,
371 1661 509 1743 denique,
536 1662 560 1724 si
588 1671 690 1745 optare
705 1661 870 1736 iubeamur,
896 1679 956 1725 non
973 1663 1052 1726 bunc
1072 1683 1159 1745 quam
1177 1664 1256 1727 illum
1273 1683 1371 1745 regom

200 1766 313 1828 laetum
333 1763 500 1827 molemus?
529 1765 617 1847 lltqui
638 1765 703 1828 talis
723 1765 810 1846 plane
829 1765 958 1828 conditio
984 1775 1030 1828 est
1049 1765 1125 1829 lovis
1146 1774 1175 1828 et
1193 1767 1373 1842 Promethei,

200 1867 227 1931 ai
240 1869 443 1931 llermannum
465 1866 627 1931 audiamus.
665 1867 778 1949 llegnat
795 1867 913 1950 quidem
930 1867 1052 1949 lupiter,
1073 1869 1125 1931 sed
1141 1869 1259 1950 dignior
1281 1888 1372 1951 regno

202 1971 402 2035 l‘romedreus
416 1981 469 2036 est.
496 1971 558 2036 Nisi
575 1975 650 2034 lorte
666 1971 737 2035 nibil
753 1973 862 2035 referre
876 1972 1017 2046 dieamus,
1031 1972 1110 2053 quali
1125 1973 1164 2036 sit
1179 1983 1229 2036 out
1241 1993 1289 2036 rex
1306 1992 1373 2055 erga
1454 2006 1459 2017 ·

202 2075 352 2157 populum
373 2087 424 2140 aut
444 2077 554 2159 Iupiter
571 2095 639 2158 erga
665 2077 805 2140 homines
828 2077 937 2138 animo.
973 2075 1047 2139 Nam
1068 2076 1126 2139 boe
1140 2075 1259 2159 quidem
1277 2076 1373 2140 unani·

201 2179 314 2242 lestom
334 2190 391 2255 est,
414 2180 493 2244 illum
509 2181 538 2242 in
554 2180 733 2244 Prometbeo
749 2180 863 2256 leuem,
885 2179 914 2243 in
931 2198 990 2262 quo
1006 2179 1192 2243 {dermannus
1213 2181 1373 2263 quidquam

203 2282 355 2364 tragoedia
376 2283 527 2366 indignum
543 2304 609 2348 esse
628 2293 731 2366 negat,
751 2284 836 2348 talem
852 2303 927 2358 esse,
943 2303 1029 2365 quem
1045 2303 1135 2347 nemo
1150 2269 1211 2348 uon
1233 2284 1341 2348 vietum
1357 2304 1373 2348 a

202 2387 386 2450 Prometheo
402 2406 489 2468 equam
505 2387 645 2450 rictorem
660 2407 728 2450 esse
739 2387 883 2450 maluerit.
912 2386 981 2449 Odit
996 2387 1075 2449 enlm
1091 2406 1185 2468 genus
1200 2388 1373 2462 humanum,

202 2490 334 2554 deletum
351 2499 451 2554 eontra
467 2491 515 2554 lati
530 2492 608 2572 leges
625 2491 713 2575 cupit,
728 2509 879 2574 quumque
894 2489 991 2553 delere
1007 2497 1148 2570 nequeat,
1164 2511 1180 2552 a
1195 2491 1373 2555 Prometheo

202 2593 381 2675 impeditus,
407 2603 519 2657 sortem
535 2607 612 2657 certe
632 2594 788 2657 bominum
804 2613 892 2676 quam
910 2593 1106 2656 miserrimam
1124 2613 1258 2668 manere,
1279 2613 1375 2677 neque

201 2715 358 2776 emergere
376 2715 429 2759 eos
448 2717 483 2760 ex
503 2697 698 2760 alriectissima
720 2697 890 2760 conditione
918 2705 947 2759 et
966 2695 1002 2759 ad
1024 2695 1233 2778 perlectionem
1254 2707 1376 2761 naturae

201 2818 277 2863 suae
293 2800 518 2882 pervenirem!
535 2801 693 2864 brutorum
709 2803 803 2863 instar
817 2800 957 2862 omnilms
972 2798 1118 2861 humanae
1140 2799 1215 2861 ritae
1235 2799 1375 2863 subsidiis

203 2921 308 2968 carere
323 2901 393 2974 rull,
408 2903 555 2985 illumque,
570 2905 620 2985 qui
636 2904 785 2966 miseritus
801 2903 958 2964 Ιιιιιιιίιιιιιιι
975 2901 1072 2981 ignem
1091 2900 1127 2962 ils
1142 2911 1278 2981 artesque
1297 2911 1375 2964 altu-

203 3009 281 3070 lerat
306 3007 439 3087 uitaeque
469 3005 599 3068 melioris
630 3006 706 3067 siaiu
738 3012 966 3078 monstraverat,
997 3001 1200 3065 crudelissimo
1231 3003 1376 3085 supplicio

203 3109 309 3180 allicit,
329 3107 487 3171 immemor
502 3107 606 3169 roteris
623 3107 766 3181 beneficii,
783 3125 842 3188 quo
859 3107 977 3168 uictoria
994 3105 1050 3187 ipsi
1066 3123 1247 3186 regnumque
1267 3105 1304 3168 ab
1319 3107 1377 3171 boc

204 3211 367 3275 bominum
391 3211 504 3273 ianitore
524 3221 641 3292 parrtum
664 3219 718 3271 est.
760 3209 845 3272 lione
868 3209 952 3272 talem
973 3209 1069 3272 lovem
1100 3227 1161 3270 non
1194 3208 1376 3273 immeritoa

206 3312 386 3398 quibusdam
402 3331 469 3376 cum
486 3314 592 3375 Salaria
607 3322 811 3395 comparatum
823 3332 891 3375 esse
907 3311 1072 3376 fatebimur.
1099 3310 1172 3374 llam
1185 3311 1285 3374 odium
1301 3323 1377 3376 certe

206 3417 328 3500 generis
339 3416 459 3480 bumaui
476 3416 504 3479 in
517 3425 641 3498 utroque
656 3434 709 3497 par
723 3425 777 3490 est,
794 3417 926 3498 quamvis
942 3416 1052 3498 dispari
1075 3415 1205 3498 potentia
1221 3415 1377 3497 modisque

207 3522 336 3586 diuersis
351 3531 535 3603 grassentur.
570 3519 758 3583 llermanmrs
773 3530 870 3584 autem
886 3520 966 3584 hune
985 3537 1073 3583 suum
1089 3519 1187 3580 lovem
1203 3518 1378 3599 tragoediae,

206 3637 239 3690 et
259 3625 434 3710 leselqleae
452 3623 586 3708 quidem,
613 3624 770 3688 conuenire
791 3623 922 3710 iudicum
944 3622 1013 3707 quid
1033 3621 1109 3686 aliud
1129 3640 1217 3704 quam
1237 3621 1302 3705 ipse
1322 3622 1377 3688 sibi

206 3727 408 3795 contradicit?
437 3729 674 3813 quandoquidem
696 3729 848 3811 protrusus
876 3739 951 3802 orat,
980 3745 1040 3792 uon
1067 3726 1172 3792 debere
1197 3727 1377 3808 tragoediam

206 3852 342 3920 pugnare
361 3853 429 3898 curra
450 3833 591 3916 religione
611 3831 746 3916 populari
767 3851 822 3896 nec
840 3851 914 3914 equae
929 3841 1029 3896 saneta
1046 3841 1075 3895 et
1090 3829 1263 3894 venerabilia
1278 3841 1379 3895 essent

206 3939 326 4024 prirare
340 3937 387 4003 illa
407 3939 560 4002 sanctitate
579 3949 666 4022 atque
680 3937 710 4000 in
726 3946 929 4020 contemptum
950 3945 1000 4001 aut
1015 3935 1116 4000 odium
1132 3933 1285 4000 adducere.
1315 3935 1378 3999 Nisi

209 4047 290 4108 lorte
308 4043 410 4107 odium
428 4043 499 4108 nibil
516 4045 633 4108 obicem
649 4041 827 4107 venerationi
843 4041 990 4116 dieamus,
1006 4039 1234 4122 religionemque
1248 4047 1378 4105 veterum

210 4158 326 4211 metum
342 4149 547 4212 tautummodo
564 4148 654 4212 luisse
675 4147 744 4211 odio
760 4147 894 4210 nrirtum.
939 4144 1013 4207 Nam
1034 4142 1234 4227 duplicitatem
1250 4145 1326 4209 loris
1342 4163 1380 4208 ne

211 4249 368 4322 obtendat,
388 4261 417 4314 et
435 4251 551 4316 licuisse
569 4253 646 4316 dicat
659 4260 764 4335 poetae
778 4249 809 4313 in
824 4250 918 4314 altero
938 4249 1062 4331 impium
1083 4268 1150 4312 esse
1168 4249 1245 4313 salva
1260 4249 1379 4313 alterius

211 4350 376 4426 sanffltate,
391 4354 449 4417 boc
463 4355 580 4438 quidem
596 4355 735 4438 ellugium
751 4353 904 4436 superiore
919 4352 1117 4436 disputatione
1131 4363 1265 4436 ereptum
1280 4362 1336 4416 est

301 4454 439 4538 §quitur
457 4467 487 4519 ul
508 4459 547 4528 de
565 4459 742 4524 Prometheo
761 4458 927 4533 videamus,
945 4476 1034 4539 quem
1058 4447 1182 4538 quidem
1196 4475 1265 4538 ego,
1283 4456 1379 4521 nostri
