3078 4954
743 435 804 500 lib

195 628 273 692 Talia
288 624 465 706 Aeschylum
487 625 580 686 lasere
599 622 749 704 potuisse,
768 622 844 686 sieut
865 621 935 684 olim
955 621 1073 703 negavi,
1092 624 1131 688 ita
1146 643 1226 688 nune
1239 642 1358 708 quoque
1463 611 1467 620 ’

193 745 328 811 pernego,
343 726 560 807 negatumque,
575 724 674 799 eredo,
690 743 805 800 omnes,
820 724 870 806 qui
882 723 995 805 qualem
1007 724 1055 788 ille
1069 723 1178 802 lovem,
1193 744 1254 790 non
1269 726 1357 790 alium

192 831 266 904 alibi,
281 829 332 893 sed
343 847 437 893 unum
453 826 561 910 ubique
576 836 605 891 et
619 826 745 891 eundem
761 827 937 909 cogitaverit,
951 847 985 890 es
1001 827 1068 909 ipso
1080 828 1291 892 intellexeruut.
1322 829 1358 892 Et

191 953 239 996 me
253 933 372 1016 quidem
391 943 425 996 ut
440 949 641 1014 oppugnarem
658 929 748 994 lalsas
764 929 935 1012 opiniones,
950 949 1074 1012 quorum
1090 933 1201 995 multos
1216 949 1358 1012 magnos·

190 1055 246 1118 que
262 1049 408 1120 patronos
427 1055 494 1099 esse
512 1052 575 1098 non
595 1031 781 1115 ignorabam,
801 1032 873 1096 nibil
887 1033 1022 1116 prolecto
1037 1034 1113 1098 aliud
1128 1033 1256 1116 impulit,
1270 1052 1358 1116 quam

190 1149 340 1205 oenuseu
356 1157 410 1224 per
422 1137 571 1203 assiduam
585 1135 742 1201 lectionem
757 1155 825 1200 urm
840 1136 985 1220 Aeschylo
1002 1137 1195 1214 familiaritas,
1214 1149 1359 1221 natusque

190 1244 259 1308 hine
274 1263 361 1309 amor
379 1262 441 1308 non
462 1252 567 1326 poetae
587 1241 677 1306 modo
692 1239 818 1315 summi,
839 1241 892 1304 sed
909 1239 962 1305 viri
978 1242 1201 1325 sapientissimi,
1216 1241 1360 1307 deorum·

189 1368 260 1432 que,
286 1367 363 1431 quos
389 1347 512 1422 coleret,
539 1345 667 1410 maxima
686 1363 755 1409 oum
781 1343 887 1427 pietate
910 1347 1148 1412 reverentissimi.
1193 1345 1307 1423 Quodsi
1328 1346 1358 1410 in

189 1452 355 1517 enarrando
370 1451 544 1534 Aeschylene
567 1449 679 1514 tabulae
705 1459 880 1531 srgumento
905 1459 936 1514 et
961 1450 1087 1516 oonsilio
1113 1451 1204 1515 multa
1221 1449 1359 1534 posuisse

189 1556 292 1621 videor
305 1577 322 1620 a
334 1575 400 1619 rere
415 1555 564 1638 religione,
579 1573 668 1638 quam
684 1573 741 1618 nos
755 1553 915 1619 Christiani
927 1557 1113 1639 profitemur,
1129 1574 1190 1620 non
1206 1554 1294 1620 nimis
1306 1554 1358 1619 ab·

189 1661 350 1735 horrentia,
364 1659 526 1745 culpandus
543 1669 641 1724 lernen
657 1669 815 1744 propterea
830 1677 892 1724 non
908 1679 990 1738 sum,
1004 1659 1062 1725 nisi
1082 1659 1107 1724 si
1123 1661 1358 1726 demonstratum

190 1767 289 1844 luerit,
315 1765 473 1831 sblrorrere
500 1765 572 1829 baec
590 1763 628 1829 sb
647 1763 781 1849 descirpli
802 1773 913 1830 orente:
940 1765 987 1830 sin
1010 1765 1183 1850 conspirent
1207 1774 1304 1831 autem
1332 1774 1360 1827 et

191 1882 387 1936 consentaneo
403 1879 474 1934 sunt
488 1869 535 1946 iis,
551 1889 627 1952 ques
641 1869 677 1934 de
691 1869 748 1934 diis
762 1870 912 1952 rebusque
927 1869 1033 1935 divinis
1047 1870 1127 1934 illum
1143 1870 1276 1936 sensisse
1290 1869 1357 1934 reli-

191 1995 266 2059 qune
281 1975 345 2040 eius
361 1973 473 2037 lnbulse
487 1973 606 2048 dooeot,
622 1991 684 2037 non
696 1991 768 2037 sane
783 1993 839 2055 ego
851 1973 1062 2056 vituperandus
1076 1993 1153 2050 sum,
1166 1975 1218 2039 sed
1229 1973 1359 2057 desehp·

191 2079 238 2143 lus
254 2077 330 2161 ipse,
345 2075 395 2160 qui
410 2075 476 2140 talis
488 2075 624 2152 senserit,
641 2093 715 2158 quae
725 2095 793 2140 eum
808 2076 939 2140 sensisse
950 2077 1034 2140 multi
1049 2096 1141 2160 quum
1153 2077 1359 2141 nonanimnd·

191 2181 332 2246 verterint
351 2179 422 2262 ipsi,
442 2191 505 2244 tum
520 2197 607 2259 segre
622 2180 716 2243 lerant
730 2179 767 2243 ab
790 2178 854 2242 aliis
870 2179 1081 2244 animadverso.
1126 2181 1189 2262 Ego
1208 2187 1306 2244 autem
1327 2189 1360 2243 ut

192 2303 254 2348 non
275 2284 390 2347 iraseor
413 2280 626 2356 lrebetioribus,
648 2281 688 2345 its
707 2299 745 2344 ne
771 2280 988 2346 dissensionem
1008 2283 1176 2364 quidemst
1197 2283 1360 2364 repreben-

192 2387 309 2449 sionem
326 2402 446 2458 eorum,
466 2383 516 2466 qui
532 2383 604 2446 nibil
619 2383 677 2446 nisi
698 2401 750 2446 sur
766 2383 882 2466 sibique
903 2385 1104 2449 convenientis
1128 2382 1271 2466 probant,
1296 2403 1360 2447 mr·
1403 2437 1404 2444 ,

193 2507 325 2572 goopere
345 2506 426 2551 euro.
470 2486 559 2550 llolta
578 2484 677 2549 vident
696 2485 824 2568 pictores
841 2486 871 2549 in
887 2487 1000 2551 umbris
1015 2496 1044 2551 et
1058 2487 1089 2551 in
1103 2486 1271 2562 eminentis,
1286 2505 1361 2570 quse

194 2610 252 2656 nos
267 2610 329 2656 non
343 2589 492 2655 videmos:
508 2589 613 2662 mults,
633 2607 707 2670 quse
727 2605 783 2651 nos
799 2587 914 2670 brgiuot
927 2589 958 2653 in
978 2598 1079 2666 contu,
1099 2590 1259 2654 exaudiunt
1274 2589 1304 2652 in
1324 2609 1360 2651 eo

145 2708 178 2762 tt
194 2712 301 2777 genere
315 2691 534 2772 exercitasse).
557 2689 670 2755 Eodem
683 2689 770 2773 igitur
780 2691 871 2755 modo
886 2690 973 2756 etiam
988 2693 1018 2755 in
1033 2691 1174 2757 rebusad
1190 2692 1360 2775 religionem

194 2797 399 2880 spectantibus
422 2795 483 2859 lieri
499 2803 611 2878 potest,
625 2793 722 2877 utqui
739 2795 837 2858 minus
854 2795 912 2858 boe
923 2813 1015 2876 genus
1030 2797 1180 2860 attendere
1196 2795 1275 2859 soliti
1290 2795 1360 2870 sint,

194 2901 319 2982 plurima
334 2917 397 2963 non
411 2899 539 2972 rideont,
554 2917 629 2981 quas
644 2898 769 2962 eliorum
785 2899 888 2962 oeulos
904 2899 1054 2963 attendere
1069 2900 1141 2962 baeu
1160 2907 1189 2961 et
1205 2896 1362 2961 observare

194 3012 354 3066 consuetos
376 3001 456 3065 laeile
477 3001 589 3065 leriam.
633 3001 734 3084 Neque
752 3001 822 3065 illud
837 3018 958 3078 recuso,
983 3001 1145 3084 quominus
1165 3020 1231 3064 rere
1251 3001 1288 3065 de
1314 3019 1362 3065 me

195 3105 342 3170 iudicasse
357 3103 688 3178 destruendumque
703 3103 988 3186 praestantissimus,
1004 3111 1170 3180 censeatur,
1191 3122 1283 3186 quum
1303 3123 1361 3178 me,

196 3228 271 3291 queo
289 3215 390 3270 essent
408 3205 485 3288 opud
501 3205 675 3290 deselrplum
698 3225 765 3271 cum
786 3205 926 3288 religione
944 3207 1113 3284 coniuncta,
1131 3208 1213 3290 quasi
1234 3225 1289 3290 per
1303 3206 1361 3272 mi·

196 3309 387 3393 eroseopium
401 3319 530 3392 spectato
546 3328 699 3374 enarrasse
713 3309 831 3374 diceret
876 3311 988 3393 Nempe
1003 3311 1236 3393 mieroseopium
1251 3329 1313 3376 non
1328 3332 1362 3376 ee

196 3413 282 3477 nobis
302 3411 445 3490 ostendit,
459 3432 534 3495 quoe
555 3412 631 3476 nulla
651 3422 734 3488 sunt,
753 3413 804 3476 sed
820 3433 907 3496 quse,
923 3433 1016 3496 quum
1037 3414 1147 3490 adsint,
1167 3415 1249 3478 laeile
1264 3425 1362 3479 tomen

196 3517 299 3580 oeulos
321 3515 442 3598 lugiant,
469 3515 578 3598 quique
597 3515 712 3598 spernit
732 3515 921 3599 mieroseopii
943 3536 1044 3595 usum,
1069 3535 1282 3600 saepenumero
1297 3536 1361 3582 non

195 3618 287 3682 modo
301 3635 363 3682 non
378 3618 465 3692 videt,
476 3637 550 3700 quae
564 3628 643 3694 suot,
658 3618 709 3682 sed
724 3619 839 3684 ridetur
849 3617 937 3683 etism
949 3619 1005 3684 sibi
1017 3621 1123 3697 sidere,
1137 3640 1213 3704 quse
1223 3639 1280 3686 neo
1290 3631 1362 3686 sunt

195 3739 290 3805 neque
308 3739 375 3785 esse
389 3730 531 3803 possunt:
551 3722 582 3786 id
600 3721 680 3805 quod
695 3721 726 3786 in
741 3723 798 3786 bso
811 3723 946 3806 desebpli
966 3723 1062 3789 lobula
1077 3725 1231 3808 permultis
1247 3724 1360 3789 oceidit

195 3822 310 3900 Quodsi
326 3823 357 3887 in
371 3825 427 3890 bse
441 3826 614 3901 enarranda,
630 3825 707 3890 siout
721 3825 752 3890 in
766 3845 811 3904 es,
827 3845 915 3910 qnam
931 3825 996 3911 ipse
1011 3827 1048 3892 de
1067 3827 1167 3892 soluto
1182 3827 1360 3892 Prometheo

196 3925 360 4010 eemposui,
375 3945 589 4012 nonnunqusm
604 3927 701 3994 verbis
715 3939 804 4012 etque
817 3947 924 4012 genere
938 3929 1053 3994 dicendi
1069 3949 1140 3994 usus
1155 3950 1223 3995 sum
1239 3931 1361 3997 hodier-

197 4047 250 4129 nae
269 4029 361 4112 magis
381 4041 411 4096 et
429 4032 603 4098 disistisnae
627 4032 797 4116 disciplinae
816 4051 906 4116 quern
926 4041 1055 4097 vetemur
1081 4033 1267 4101 ethnicorum
1287 4054 1360 4120 pro·

198 4129 285 4212 priis,
303 4131 347 4196 rel
361 4137 560 4202 excusandum
580 4137 640 4202 hoe
652 4135 699 4200 vel
713 4135 801 4200 etiem
815 4135 1003 4220 probandum
1017 4156 1084 4202 esse
1105 4137 1241 4205 arbitror.
1285 4138 1360 4205 Nem

133 4237 136 4242 '
197 4241 227 4298 et
241 4231 313 4316 ipse,
327 4237 378 4318 qui
391 4238 564 4317 sulbebam,
578 4241 634 4306 boe
647 4237 803 4323 disciplina
816 4237 977 4307 innutritus
991 4258 1082 4318 urm,
1097 4249 1127 4306 st
1140 4241 1196 4326 lem
1210 4262 1259 4308 ms
1272 4250 1362 4325 etque

203 4371 489 4391 *-

266 4461 309 4530 asp
328 4461 412 4518 tus·
423 4465 485 4521 sm
496 4465 626 4524 nomn
637 4473 704 4536 aar,
717 4467 835 4524 seue
848 4466 877 4537 u
891 4467 915 4538 r,
927 4469 970 4524 so.
