3106 4958
338 1643 402 1735 to
433 1639 691 1736 ttttdottttlt
723 1640 983 1737 committito
1013 1641 1300 1741 FRAGMENTA.

191 1967 208 2020 ³
317 1928 417 2020 (loom
435 1961 539 2027 nuper.
550 1943 781 2018 Commilitonee,
792 1944 971 2008 Graecomm
986 1944 1144 2027 lpricomm
1159 1947 1305 2030 reliquias,
1320 1965 1394 2029 qua·

229 2069 299 2112 rum
310 2049 512 2113 collectionem
521 2047 589 2111 ostri
600 2057 699 2112 restro
705 2049 959 2112 accommodatam
965 2047 1168 2113 blebllrorniue
1180 2051 1299 2126 errarit,
1314 2069 1393 2114 non·

228 2153 317 2218 mollis
332 2163 461 2218 veetmm
484 2153 648 2216 tractandas
664 2151 926 2237 proposuerimus,
948 2152 977 2216 in
1000 2172 1094 2238 eoque
1113 2155 1232 2238 negotio
1248 2155 1309 2220 beri
1331 2172 1394 2220 noo

230 2257 361 2342 potuerit
374 2257 445 2340 qoin
462 2257 581 2332 irretitae,
596 2255 704 2340 ouibus
719 2277 820 2322 mmm
836 2257 921 2322 lectio
937 2258 1048 2340 poesim
1070 2259 1239 2342 impeditur,
1261 2259 1305 2323 rel
1325 2278 1394 2324 cor·

229 2362 360 2446 ruptelae
374 2362 418 2425 rol
434 2361 608 2426 difficutateo
624 2381 680 2424 nos
695 2361 885 2438 adt-onerent,
900 2381 1023 2444 quarum
1040 2363 1065 2428 si
1081 2363 1198 2446 quando
1213 2363 1392 2447 probabilem

226 2476 280 2531 aut
292 2465 525 2530 emendationem
542 2475 592 2529 aut
605 2465 826 2547 explicationem
843 2465 976 2530 nondum
992 2467 1028 2530 ab
1040 2465 1103 2531 ollio
1118 2467 1264 2532 inventam
1278 2467 1393 2532 ridere·

229 2590 311 2646 mue,
329 2589 386 2633 noa
412 2568 469 2652 ipsi
489 2579 540 2631 aut
561 2568 736 2632 medicinam
759 2569 897 2632 adbibere
919 2571 1068 2652 corruptis
1082 2579 1133 2634 aot
1146 2571 1240 2635 lucem
1257 2571 1392 2635 obscurio

226 2675 523 2737 aliemeconaremur:
539 2670 630 2733 multa
641 2668 759 2752 quidem
772 2670 802 2733 in
815 2671 943 2735 medium
956 2671 1037 2735 allato
1049 2683 1129 2749 eunt,
1140 2693 1215 2756 quoe
1226 2675 1393 2738 oceurotiue

227 2775 375 2859 pensitato
395 2792 500 2838 remus
519 2772 680 2838 obiicienda
701 2791 767 2836 cose
786 2772 994 2850 intelleximus,
1015 2785 1045 2840 ot
1067 2777 1104 2840 de
1124 2775 1275 2840 nonnette
1293 2785 1392 2840 temon

227 2879 301 2944 locis
315 2879 358 2942 rel
374 2877 411 2942 ab
427 2876 472 2950 ite,
487 2875 596 2959 quibus
613 2877 719 2941 bomm
735 2877 868 2940 tractatio
884 2877 1020 2942 mandata
1040 2890 1111 2956 erat,
1126 2881 1170 2944 vel
1191 2899 1207 2942 e
1229 2878 1327 2956 nobie,
1341 2875 1392 2962 qui

229 2993 324 3048 restra
344 2981 439 3046 studia
459 2981 698 3058 moderabantur,
718 2981 903 3046 coniecturae
922 2982 1065 3066 «praedam
1090 2985 1221 3068 prolatae
1240 2993 1311 3048 sunt
1329 3001 1391 3048 noo

230 3086 436 3170 improbabiles
455 3105 551 3168 nequo
567 3083 712 3166 indignae,
732 3104 806 3167 quoe
825 3085 911 3150 etiam
929 3088 1075 3152 corneliis
1091 3089 1390 3156 communicarentur.
1467 3099 1469 3106 ’

229 3191 426 3266 Quamobrem
462 3208 553 3272 epirum
587 3189 677 3252 bosco
711 3189 942 3254 academicorum
977 3192 1183 3274 prolusionum
1214 3193 1391 3276 scriptiones

230 3303 322 3359 restra
336 3293 523 3378 potissimum
536 3311 622 3356 cansa
638 3291 784 3356 institutae
800 3312 866 3356 csse
883 3293 1061 3373 iudicemus,
1084 3316 1145 3361 non
1160 3298 1286 3362 alienum
1302 3299 1391 3363 nobie

229 3399 321 3462 risum
338 3407 393 3470 est,
408 3397 444 3461 de
461 3394 610 3460 nonnullis
625 3396 730 3459 bonnm
747 3415 845 3460 rerum
858 3397 901 3461 rol
917 3399 946 3462 in
962 3401 1197 3466 recordationem
1214 3402 1292 3466 baud
1312 3402 1390 3468 iniu-

230 3503 352 3567 cundam
368 3499 571 3565 communium
587 3499 768 3574 studiorum,
783 3501 826 3564 rel
841 3501 926 3565 etiam
943 3502 973 3566 in
988 3513 1153 3568 ceterorum
1168 3523 1272 3582 neum,
1295 3505 1321 3570 ei
1341 3504 1391 3589 qni

230 3614 300 3670 tuot
318 3624 378 3670 noo
400 3605 524 3670 alienato
543 3623 560 3668 a
580 3603 758 3666 Graeromm
780 3603 871 3667 llusie
892 3604 1006 3680 animo,
1032 3609 1128 3689 paullo
1148 3609 1312 3673 accumtiue
1333 3609 1392 3674 boc

229 3706 293 3774 loco
303 3708 456 3771 disserere.
470 3739 509 3754 -
523 3705 640 3770 initium
657 3706 798 3770 iaciemus
809 3707 846 3770 ab
858 3707 1022 3772 Archilochi
1036 3711 1199 3792 fragmento
1211 3712 1289 3794 apud
1301 3713 1390 3778 loan-

229 3829 294 3876 nem
309 3811 469 3876 Stobaeom
485 3810 562 3874 lior.
580 3809 622 3874 tit
642 3811 700 3872 105
717 3809 772 3874 rol.
788 3810 827 3873 lll
839 3829 869 3892 p.
886 3811 949 3876 358
970 3811 1069 3889 Gabi,
1084 3832 1114 3877 n.
1130 3813 1250 3878 lllllllll
1265 3815 1345 3880 Liclr.

315 3915 393 3990 'rote
413 3914 510 3990 orote
530 3905 624 3978 τίθει
647 3907 691 3976 τὰ
713 3905 839 3976 πάντα·
862 3909 1027 3991 πολλάκις
1046 3909 1108 3996 μὲν
1129 3910 1167 3978 ἐκ
1188 3911 1298 3980 κακῶν
1349 3959 1352 3966 »

300 4005 446 4100 ’Ἀνδρος
467 4005 629 4101 dedebam
641 4007 780 4100 μελαίνῃ
803 4011 970 4096 κειμένους
992 4011 1052 4082 ἐπὶ
1073 4011 1185 4096 χθονί,

311 4113 479 4196 [Indiciere
500 4110 771 4202 d’dvarpe'nowo,
794 4113 851 4181 καὶ
873 4109 950 4198 μάλ’
972 4105 1008 4183 eri
1028 4114 1213 4206 βεβηκότας

306 4213 474 4297 ‘laetiore
495 4211 652 4286 aliem-o’·
675 4211 796 4284 ἔπειτα
818 4217 929 4284 πολλὰ
950 4215 1097 4306 γίγνεται
1119 4217 1216 4302 κακά,

313 4317 380 4384 Καὶ
400 4313 478 4400 βίον
497 4319 556 4406 χρὴ
576 4319 623 4408 μὴ
646 4318 828 4398 πλανᾶται,
850 4317 908 4386 καὶ
929 4317 1006 4388 νόου
1029 4319 1210 4412 παρήορος.

311 4421 396 4496 Quod
419 4421 449 4483 in
474 4430 624 4501 postremo
653 4426 763 4488 boman
793 4443 931 4489 rereuum
958 4428 1076 4492 codioee
1102 4429 1230 4492 oiieruot
1254 4421 1314 4512 tei
1340 4419 1388 4514 μή

229 4533 397 4606 cormptom
417 4541 484 4586 eme
497 4533 625 4606 apparet
664 4528 706 4592 dc
720 4525 841 4591 Grotiue
856 4527 974 4610 quidem
989 4548 1057 4594 eum
1069 4527 1100 4594 C.
1113 4529 1247 4593 timuero
1260 4521 1389 4615 χρῄζων
