3092 4964
750 371 810 438 188

199 567 362 648 adaptaret,
384 564 442 628 lroc
459 581 547 626 suum
564 563 719 627 artificium
734 572 921 626 commentus
936 571 997 636 ast,
1020 579 1214 646 magnopere,
1233 574 1266 629 ut
1280 565 1361 630 arbi·
1450 547 1453 556 ¹
1495 577 1497 580 ·

201 678 277 741 tror,
295 675 326 727 et
340 683 356 727 a
371 663 529 747 Sophoclis
549 664 688 747 elegantia
707 674 737 728 et
751 683 768 728 a
784 665 912 730 Graecae
930 665 1046 746 linguae
1060 666 1273 732 consuetudine
1291 668 1361 732 alie-

199 787 282 831 num.
325 766 400 830 Nam
420 767 499 848 quod
521 769 635 831 confert
654 767 832 849 Thucydidis
851 768 951 832 locum
972 767 1025 842 ΙΙΙ,
1052 765 1107 830 36:
1136 762 1298 850 μετάνοια
1323 759 1363 856 ἦν

200 861 377 946 αἰτοῖςκαὶ
387 859 619 952 ἀναλογισμός,
634 861 725 952 ὠμὸν
735 865 775 934 τὸ
789 863 956 953 βούλευμα
970 864 1151 955 ἐγνῶσθαι,
1168 865 1269 935 πόλιν
1283 863 1364 960 ὅλην

200 970 404 1059 διαφθεῖραι
426 969 563 1055 μᾶλλον,
589 963 666 1060 ἢοῦ
680 969 759 1048 τοίς
778 963 922 1052 αἰτίους,
945 974 1024 1057 quod
1045 973 1121 1038 idem
1141 995 1207 1038 esse
1227 975 1298 1040 dicit
1317 988 1361 1039 at-

148 1117 151 1122 ·
199 1094 269 1158 quc:
293 1067 331 1140 ori
346 1070 424 1152 eote
438 1067 579 1154 uicina-g,
603 1067 688 1139 ἀλλὰ
703 1070 829 1157 μᾶλλον
850 1070 952 1140 πόλιν
971 1069 1063 1164 dape:
1086 1077 1133 1142 laic
1152 1098 1271 1162 quoque
1287 1078 1362 1143 ratio

198 1199 266 1243 eum
281 1179 417 1244 leiellisse
431 1180 553 1245 ridetur.
589 1180 735 1244 Nolumus
749 1178 867 1261 quidem
883 1179 952 1242 iliud
967 1181 1057 1245 nimis
1072 1199 1185 1264 urgere,
1197 1183 1278 1266 quod
1293 1181 1362 1246 uei·

199 1284 291 1366 sigius
313 1283 430 1348 monuit
450 1283 486 1347 ad
502 1283 643 1367 Soplaoel.
688 1283 761 1347 Ood.
781 1281 843 1346 Col.
867 1302 975 1346 comm.
1006 1284 1070 1349 crit.
1092 1283 1219 1368 p.‘238,
1246 1304 1284 1350 ne
1305 1285 1364 1350 hoc

199 1387 318 1471 quidem
338 1378 423 1452 etta
445 1382 570 1470 μᾶλλον
592 1381 692 1451 πόλιν
713 1379 790 1474 ὅλην
812 1387 973 1453 sententiae
995 1389 1176 1466 satisfacere,
1198 1389 1255 1454 nisi
1274 1389 1363 1453 etiam

198 1485 300 1573 μόνον
312 1490 348 1554 ad
365 1483 403 1554 αι’·
417 1486 494 1568 τούς
509 1481 638 1568 αἰτίους
652 1491 837 1576 supplentem
853 1491 962 1576 quippe
972 1502 1033 1556 tota
1045 1493 1117 1557 urle
1131 1513 1231 1558 eversa
1242 1512 1364 1558 necasse

201 1595 291 1658 tuisse
306 1603 339 1657 ut
353 1593 441 1657 etiam
456 1604 558 1658 sontes
574 1595 717 1677 perirent,
741 1595 793 1659 sed
814 1596 1045 1679 prudentissime
1063 1597 1153 1660 nobis
1172 1599 1208 1662 de
1228 1599 1283 1662 hac
1301 1598 1364 1662 lor·

200 1697 279 1762 mula
303 1692 431 1778 μᾶλλον
450 1685 472 1783 ἢ
491 1687 530 1760 od
549 1697 748 1762 lluttmannus
771 1699 949 1765 disseruisse
967 1701 1081 1766 ridetur
1100 1702 1135 1766 ad
1155 1700 1363 1768 Demosthenis

200 1801 316 1866 mutan
332 1821 362 1882 p.
387 1803 457 1864 111.
480 1803 550 1866 lli).
593 1801 762 1885 „Quippe,“
778 1803 828 1880 ait,
844 1805 914 1888 „qui
929 1805 1013 1882 dicit,
1027 1801 1126 1870 τοῦτο
1139 1802 1267 1889 μᾶλλον
1281 1826 1364 1871 reoc-

202 1897 270 1990 ήσω
286 1894 309 1992 ἢ
322 1898 437 1984 ἐκεῖνο,
452 1905 689 1970 allirmatienead
704 1903 802 1970 roien
814 1909 911 1984 relata,
927 1917 1025 1973 mente
1041 1919 1126 1991 negat
1141 1909 1217 1973 idem
1229 1921 1365 1993 respectu
1407 1910 1410 1919 '

201 2001 341 2073 decimor:
367 2009 446 2092 quod
466 2009 580 2074 sullecit
599 2010 665 2074 used
690 2011 726 2074 ad
746 2011 940 2094 effingendam
961 2013 1115 2076 sormidam
1130 2008 1256 2096 μᾶλλον
1270 2005 1292 2101 ἢ
1306 2005 1365 2079 οὔκ

202 2108 336 2179 ἐκεῖνο.“
384 2114 538 2179 consentit
553 2132 620 2178 cuna
641 2113 821 2178 Buttmanno
841 2115 927 2180 etiam
943 2117 1016 2200 lug.
1040 2116 1177 2186 llattltiae
1199 2136 1241 2200 gr.
1265 2119 1314 2183 Gr.
1334 2138 1363 2203 p.

204 2221 275 2284 805.
294 2219 340 2284 ed.
362 2239 433 2295 sees
452 2219 612 2300 caderetque
634 2219 720 2284 etiam
741 2219 888 2285 Sclraeieri
907 2221 1051 2286 sententia
1077 2241 1144 2286 esse
1163 2221 1290 2301 videtur,
1316 2223 1365 2305 qui

202 2325 232 2388 in
250 2335 312 2389 not.
333 2324 368 2388 ad
390 2325 541 2389 Demostlr.
562 2334 637 2387 orat.
661 2323 691 2387 in
711 2324 841 2388 Timoth.
862 2345 892 2409 p.
917 2325 1010 2404 1198,
1033 2327 1071 2389 15
1092 2336 1160 2410 apte
1185 2327 1366 2412 comparavit

203 2429 351 2494 Gallorum
371 2437 459 2512 atque
477 2427 617 2492 ltalomm
635 2427 757 2504 idioma,
783 2449 819 2493 ee
832 2440 862 2493 et
883 2449 943 2494 uos
958 2431 1131 2513 ponentium
1146 2441 1216 2515 post
1229 2433 1298 2516 pius
1311 2452 1365 2516 que

202 2546 230 2599 et
240 2535 294 2618 piis
309 2531 367 2596 cle.
412 2532 504 2596 Aliam
521 2531 596 2595 eiam
612 2531 773 2614 ingreditur
787 2533 931 2615 lleisigius
947 2534 965 2596 l.
981 2534 1011 2610 1.,
1027 2553 1132 2599 rursus
1147 2535 1233 2599 aliam
1249 2535 1364 2600 Eduar-

171 2651 187 2704 t
205 2640 259 2704 dus
273 2636 420 2701 llaeoisclr
435 2636 470 2699 ad
486 2635 589 2718 lqsiae
603 2637 778 2701 aratatorium
795 2657 824 2721 p.
841 2641 897 2714 16,
916 2639 968 2702 sed
984 2639 1021 2703 de
1041 2639 1088 2702 his
1104 2657 1185 2704 nunc
1198 2640 1365 2706 accuratius

203 2743 349 2825 disputare
368 2759 430 2805 non
450 2749 540 2804 sacae
584 2741 686 2804 liestat
706 2739 785 2804 enim
805 2754 837 2807 ut
851 2741 1002 2806 rideamus
1021 2743 1058 2806 de
1077 2761 1144 2807 vera
1164 2743 1279 2807 ratione
1297 2762 1364 2808 rcr-
1499 2766 1501 2770 ’

202 2867 288 2912 suum
308 2845 543 2928 Sophocleorum
565 2844 640 2908 inter
660 2865 693 2908 se
712 2843 979 2919 conciliandorum,
999 2863 1055 2929 qua
1075 2844 1112 2908 de
1126 2844 1293 2929 reprobari
1308 2865 1366 2910 no·

202 2952 248 3016 bis
267 2947 396 3013 Triclinii
416 2947 590 3011 sententiam
616 2947 869 3030 supradiximus,
896 2947 993 3029 paullo
1009 2957 1106 3010 tamen
1130 2949 1293 3012 accuratius
1314 2968 1366 3013 ex·

202 3053 374 3136 plicaudam.
419 3051 532 3132 Netrrpe
546 3051 658 3114 dixerat
672 3052 875 3130 Agamemnon
891 3049 1008 3132 Ajacem
1028 3069 1175 3132 nusquam
1191 3050 1291 3127 luisse,
1307 3051 1366 3115 nisi

203 3157 251 3220 ubi
273 3155 338 3236 ipse
357 3172 475 3235 quoque
496 3153 609 3215 luisset.
653 3150 718 3215 lloc
736 3152 847 3215 Teucer
868 3152 899 3214 in
918 3170 984 3215 eam
1005 3153 1179 3216 sententiam
1201 3154 1365 3236 detorquet,

203 3257 288 3341 quasi
314 3256 431 3338 Ajacem
456 3257 658 3335 Agamemnon
685 3272 809 3336 osquam
837 3253 928 3317 tuisse
952 3255 1107 3336 negaverit
1156 3254 1271 3318 Scilicet
1289 3259 1367 3338 llga·

203 3374 554 3439 memnonemnusquam
570 3356 660 3420 luisse
679 3355 806 3420 indicare
824 3356 894 3419 vult
938 3355 1054 3433 Quodsi
1075 3361 1278 3437 Agamemnon
1292 3376 1367 3421 nus·

202 3481 291 3544 quam
306 3459 409 3532 luerit,
433 3458 503 3540 Aiax
519 3468 615 3522 autem
630 3477 776 3542 nusquam
796 3457 853 3521 nisi
869 3457 918 3522 ubi
933 3461 1145 3538 Agamemnon,
1160 3459 1284 3522 alddtur
1299 3460 1366 3542 llja·

203 3583 266 3628 cem
281 3581 342 3627 non
357 3560 451 3643 magis
467 3579 590 3642 usquam
606 3561 704 3624 luisse
748 3563 842 3642 Atque
857 3559 915 3623 hoc
934 3561 973 3624 ita
989 3562 1108 3643 planum
1123 3571 1211 3646 atque
1225 3562 1308 3626 lacilc
1322 3562 1366 3626 vi-

202 3667 296 3741 detur,
310 3673 343 3730 ut
358 3662 477 3728 verbum
492 3681 554 3727 non
569 3662 695 3745 amplius
711 3663 878 3727 addendum
893 3663 941 3727 sit.

288 3767 376 3844 Quod
391 3765 536 3848 reliquum
551 3775 612 3841 est,
633 3765 776 3828 monendi
797 3765 884 3829 nobis
904 3763 991 3842 estis,
1010 3765 1251 3840 commilitones,
1271 3777 1304 3830 ut
1324 3769 1367 3831 ie·
1493 3751 1496 3757 Δ

202 3871 327 3948 riarum,
341 3889 415 3953 (quas
429 3869 565 3954 prordme
578 3868 688 3934 instare
702 3868 815 3943 nostis,
842 3868 904 3932 otio
922 3867 997 3932 bene
1017 3887 1053 3932 ae
1072 3868 1227 3933 salubriter
1245 3869 1277 3932 le.
1291 3890 1316 3934 e
1336 3870 1367 3934 io

138 4019 139 4024 η
203 3973 424 4038 honestaanimi
439 3983 525 4056 atque
536 3971 672 4055 corporis
687 3971 879 4047 recreatione,
895 3989 955 4035 non
969 3990 1024 4054 per
1034 3970 1175 4036 desidiam
1186 3983 1273 4056 atque
1283 3973 1368 4056 lgna*

204 4075 280 4140 euna
294 4085 488 4158 consumpto,
505 4075 543 4139 ad
558 4075 695 4140 hibernas
711 4073 844 4150 scholas,
865 4093 939 4157 quas
955 4071 1045 4138 Vobis
1060 4073 1231 4152 indicimus,
1251 4087 1366 4160 tempe-

206 4176 279 4241 stive
293 4175 429 4254 redeatis,
444 4176 606 4262 oblatisque
621 4175 752 4244 discendi
767 4175 1039 4260 opportunitatibus
1053 4177 1164 4244 naviter
1179 4189 1265 4264 atque
1279 4177 1367 4244 inclu-

204 4277 424 4344 strleutamini.
451 4279 555 4345 valete.

290 4381 354 4446 Ser.
377 4381 620 4464 Gryphiswaldiae
634 4403 675 4448 oa.
690 4387 823 4466 Augusto
840 4403 866 4446 a.
880 4381 1133 4461 nmuccxxvnt.
