3092 4964
712 389 767 454 1111

161 575 266 639 rnorito
281 595 317 640 ac
330 575 429 641 liberis
443 575 602 659 pertinens,
618 575 702 658 quale
715 583 761 639 est
775 573 833 638 laoc
851 575 949 658 ipsum
969 565 1069 660 φυγή,
1083 574 1165 656 quod
1179 592 1333 656 saepiend-

160 697 244 742 mero
265 697 355 744 seosu
374 679 524 746 collectim
544 679 663 756 dicitur,
687 690 720 743 ut
739 673 890 766 φυγάδας
909 677 1067 760 significet,
1091 697 1117 740 ε.
1138 696 1164 740 c.
1191 675 1332 760 Thoepd.

161 782 234 858 vlit,
249 785 305 848 ot:
321 779 379 848 καὶ
394 776 521 869 γὰρκαὶ
533 779 620 872 φυγὴ
636 773 743 847 eicos
757 773 820 862 ἔξω
836 769 875 868 ἦν
885 817 927 830 -
938 775 995 846 esci
1012 773 1095 866 αῦτιγ
1110 775 1196 863 μετὰ
1210 777 1281 844 τῶν
1294 773 1333 844 ἐν

159 883 201 974 τῇ
216 879 317 951 πόλει
332 877 534 974 ἐπιτηδείων
547 877 695 970 ἔπρασσε
708 882 778 950 κτλ.
804 885 878 950 lien.
898 885 969 948 llell.
987 883 1019 946 ll.
1036 903 1061 948 c.
1078 885 1112 958 2,
1132 885 1166 948 9:
1189 878 1248 948 καὶ
1264 879 1331 968 γὰρ

39 1031 41 1036 -
161 990 325 1072 συγγενεῖς
344 983 464 1054 πολλοὶ
488 979 584 1055 ἔνδον
602 977 684 1074 ἦσαν
697 985 763 1053 τῶν
780 981 968 1075 φευγόντων
986 983 1100 1051 καὶ-
1115 1023 1157 1035 -
1168 981 1332 1070 κατάγειν

159 1085 337 1175 ἐβούλοντο
356 1087 415 1178 τήν
432 1086 546 1178 φυγήν.
591 1090 682 1156 lsoer.
698 1091 735 1154 de
748 1091 810 1172 liip.
825 1110 855 1173 p.
877 1092 955 1154 ³51:
970 1084 1255 1176 στρατηγήσαντες
1269 1085 1333 1174 τῆς

159 1189 276 1280 φυγῆς.
320 1193 407 1258 l'lura
426 1194 484 1260 uid.
509 1214 556 1276 ap.
577 1193 674 1257 Stura.
690 1193 758 1258 Les.
774 1193 848 1256 Xeo.
864 1193 893 1256 la.
913 1211 940 1256 s.
957 1192 1105 1256 Sciraoler.
1124 1212 1171 1275 ap.
1186 1195 1251 1256 Ast
1273 1191 1329 1255 ad·
1454 1241 1460 1250 .

159 1297 247 1360 deod.
262 1297 298 1362 ad
314 1295 385 1362 Plot
400 1297 489 1380 laag.
504 1316 534 1380 p.
554 1299 625 1374 115,
650 1299 702 1372 11,
722 1297 909 1378 eundemque
923 1295 960 1358 ad
981 1295 1128 1360 Plutarch.
1148 1305 1221 1359 tom.
1242 1296 1278 1358 i'.
1299 1316 1331 1378 p.

160 1399 232 1464 286.
248 1434 290 1448 -
305 1399 366 1464 llac
381 1399 470 1482 igitur
487 1401 600 1464 ratione
621 1401 689 1465 illud
705 1391 893 1464 dadsisas-oo
914 1393 1004 1487 φυγή
1024 1397 1214 1482 probabiliter
1231 1401 1332 1482 expli·

123 1555 132 1568 .
159 1502 218 1566 cari
233 1523 325 1585 posse
340 1503 468 1580 videtum
487 1523 681 1586 quamquam,
701 1513 734 1567 ut
748 1503 806 1566 iam
821 1513 889 1566 ante
903 1501 977 1576 dixi,
992 1521 1054 1566 non
1074 1521 1111 1565 oo
1126 1503 1198 1566 laaee
1213 1520 1298 1566 nuuc
1312 1523 1330 1564 a

159 1625 207 1670 me
222 1607 368 1691 disputata
383 1617 467 1682 sunt,
487 1627 547 1690 quo
567 1606 804 1672 commendarem
827 1607 901 1669 lianc
920 1604 1075 1668 lectionem
1091 1623 1161 1687 prae
1181 1625 1214 1668 oa
1235 1625 1328 1687 quam

160 1709 277 1774 codices
291 1710 387 1774 nostri
404 1729 507 1774 omnes
524 1711 666 1784 oderunt,
681 1709 733 1772 sed
754 1716 787 1772 ut
801 1707 919 1772 tolerari
942 1717 1039 1771 tamen
1061 1717 1092 1770 et
1113 1707 1209 1790 ipsam
1232 1729 1330 1790 posse

161 1813 356 1877 ostenderem.
371 1847 414 1860 --
429 1813 486 1889 Qui
501 1813 634 1896 sequitur
649 1811 792 1894 genitivus
807 1806 966 1886 motareis,
981 1829 1037 1892 pro
1052 1830 1111 1892 quo
1127 1811 1257 1875 datiuum
1273 1812 1330 1874 de-

160 1912 268 1978 derunt
283 1915 453 1991 liamesius,
468 1915 644 1990 Βιιιιιεῑιῖιιι,
659 1915 823 1990 Ροιεοιιιιε,
837 1913 952 1977 etiarnsi
968 1913 1054 1994 plane
1065 1911 1209 1976 similibus
1224 1933 1331 1978 esern-

159 2014 217 2098 plis
232 2017 340 2082 muniri
355 2036 417 2081 non
432 2025 540 2100 potest,
555 2035 616 2081 non
633 2027 731 2079 tamen
742 2015 857 2079 violetur
870 2025 972 2078 contra
988 2013 1131 2076 rationem
1143 2015 1332 2080 attractionis

159 2119 277 2201 positos
293 2140 368 2195 esse,
382 2119 573 2203 quamobrem
590 2116 813 2182 assentiendum
825 2127 872 2180 ost
885 2115 1050 2191 tintiniaco,
1064 2115 1137 2178 nilril
1151 2117 1330 2182 nrumndum

160 2223 373 2302 pronuntianti.
407 2223 500 2287 Erunt
514 2220 633 2303 quidem
649 2221 786 2292 formose,
807 2218 858 2299 qui
873 2217 958 2301 plane
973 2217 1098 2282 similem
1114 2218 1213 2282 dicant
1227 2220 1331 2284 locum

161 2322 320 2405 Sophoclis
346 2325 459 2389 lilectr.
486 2343 512 2387 ν.
533 2323 610 2387 ⁶52:
640 2312 776 2408 φίλοισί
796 2339 832 2383 τε
853 2314 1012 2398 ξυνοῦσαν
1034 2305 1086 2398 οἷς
1107 2315 1237 2404 ξῦνειμι
1265 2319 1330 2399 νῦν,

161 2415 396 2512 εὐημεροῦσαν,
430 2421 488 2491 καὶ
515 2427 635 2492 τέκνων
661 2415 751 2488 ὅσιον
775 2415 854 2504 ἐμοὶ
881 2416 1021 2488 dicrota
1052 2420 1100 2510 prr}
1135 2419 1330 2509 πρόσεστιν,

160 2528 398 2611 qamrsdoquidem
414 2529 601 2594 llermannos
616 2528 747 2604 „lraec“‚
768 2525 862 2609 inquit
877 2525 1022 2608 „proprie
1041 2527 1079 2591 ita
1098 2527 1155 2591 dici
1169 2527 1331 2603 debebant.

161 2622 219 2690 καὶ
239 2623 370 2707 τέκνοις
385 2625 582 2711 (ξυνοῦσαν),
600 2623 689 2694 ὅσιον
703 2623 779 2711 ἐμοῦ
795 2621 933 2693 ιῖῦσναια
945 2624 990 2714 μὴ
1008 2623 1181 2712 πρόσεστι,
1205 2633 1259 2694 scd
1276 2650 1333 2715 per

161 2731 364 2795 attractionem
382 2727 501 2796 τέκνων
516 2726 604 2797 ὅσιον
619 2733 715 2796 iuncta
731 2737 833 2794 sunt“.
877 2729 969 2794 Nolais
990 2741 1088 2795 tanmn
1108 2733 1156 2796 laic
1179 2733 1331 2814 genitium

161 2847 224 2894 non
244 2840 302 2894 tam
329 2852 383 2916 per
401 2834 604 2898 attractionem
626 2853 714 2916 quam
734 2833 869 2914 partitiva
888 2832 1102 2913 significatione
1120 2835 1239 2916 positus
1260 2855 1364 2907 esses

161 2931 289 3010 uidetur,
309 2943 343 2998 ut
357 2937 442 3019 plens
459 2937 594 3020 loquutio
609 2935 704 3000 sulasit
718 2936 838 3000 laaccce:
859 2931 918 3000 καὶ
937 2930 1059 3000 τέκνων
1071 2929 1218 3016 τρίταις,
1238 2943 1276 3002 iis
1290 2959 1330 3002 ec

161 3033 262 3100 liberis
275 3041 356 3114 ιιιεῖι,
371 3039 575 3122 potuissetque
590 3038 733 3122 genitivos
748 3037 821 3120 pont
836 3039 923 3102 etiarn
938 3037 964 3102 si
979 3055 1041 3100 non
1056 3029 1145 3102 ὅσιον
1158 3039 1212 3102 scd
1233 3035 1333 3118 ὅσοις

161 3146 212 3200 aut
226 3130 290 3203 ὅσα
303 3151 483 3223 moueretur,
498 3141 577 3206 velut
591 3141 622 3205 iu
637 3140 685 3204 tali
700 3139 864 3204 sententiae
875 3141 1124 3205 conformatione:
1139 3135 1197 3205 καὶ
1209 3137 1333 3208 ιε’κιιιν

162 3229 555 3330 ὅσοιςέμοῦδῦσνοιαμὴ
567 3233 894 3328 apicem-sosii
907 3233 1181 3330 εῦςέιιὲμῆμῖσος
1189 3235 1334 3311 ὥπλισε.

246 3343 347 3408 Paullo
361 3345 447 3422 inira,
462 3365 489 3409 ν.
508 3346 557 3423 lli,
573 3346 644 3410 lnce
657 3343 744 3410 uerloa
759 3339 817 3407 καὶ
832 3345 924 3408 νοσεῖ
935 3338 979 3408 τὰ
993 3337 1138 3432 φίλτατα
1149 3347 1334 3413 nouissimus

160 3442 265 3520 editor,
279 3445 445 3528 l’dugkium
460 3451 684 3532 interpretatur:
703 3459 729 3512 et
744 3448 901 3511 discrimen
920 3449 1002 3512 adest
1022 3453 1170 3513 carissimi
1184 3455 1332 3533 pepereris

160 3539 440 3634 ,,Τα1φι’λτατα“,
465 3551 561 3626 addit,
588 3551 677 3628 „alim
697 3551 803 3615 eximie
823 3551 961 3615 dicontur
979 3552 1152 3634 parentibus
1165 3553 1266 3628 iberi,
1293 3556 1331 3618 ci.

162 3646 366 3715 llemsterlrus.
385 3652 422 3716 ad
436 3651 557 3718 Lucian.
573 3653 608 3716 T.
627 3655 642 3717 1
660 3672 690 3736 p.
709 3653 779 3716 177.
823 3653 921 3716 Volcis.
943 3653 979 3717 ad
999 3654 1112 3718 Phoco.
1134 3655 1212 3729 4³73
1228 3657 1283 3720 sed
1303 3667 1332 3718 et

163 3750 286 3817 maritus
300 3755 397 3832 uxori,
411 3766 445 3819 ut
458 3755 544 3820 llere.
559 3757 593 3820 F.
609 3757 687 3829 5143
706 3754 832 3837 denique
846 3755 1002 3837 proximus
1016 3757 1143 3839 quisque
1157 3767 1188 3820 et
1202 3757 1332 3822 maxime

162 3852 323 3920 dileotw'
336 3877 372 3922 ex
386 3857 494 3942 quibus
508 3857 604 3923 serbis
619 3875 682 3922 non
696 3857 768 3922 satis
782 3855 911 3940 perspici
926 3867 1027 3940 potest
1044 3877 1104 3940 quo
1119 3877 1213 3923 seusu
1229 3859 1257 3923 id
1274 3881 1330 3925 so·

43 3967 45 3972 ·
163 3953 298 4021 caltulum
312 3959 452 4026 hocloco
470 3960 563 4043 accipi
578 3960 659 4026 velit:
683 3979 753 4026 uam
774 3958 933 4024 discrimen
952 3959 1071 4043 quidem
1085 3963 1172 4026 adest
1185 3973 1216 4028 et
1229 3963 1331 4030 liberis

162 4065 192 4121 et
208 4057 315 4124 marito
334 4069 365 4125 et
382 4061 441 4145 ipsi
459 4081 578 4146 quoque
591 4063 719 4143 lledeae.
763 4062 873 4128 Vereor
886 4072 984 4128 autem
1003 4072 1037 4130 ut
1051 4066 1159 4130 νοσεῖν
1172 4067 1211 4132 de
1224 4067 1333 4134 dom·

163 4159 243 4226 mine
256 4170 285 4227 et
299 4162 429 4246 periculo
443 4173 523 4230 recto
537 4164 698 4250 acceperit:
728 4183 797 4232 mm
817 4185 909 4249 quum
931 4167 1040 4234 νοσεῖν
1059 4167 1116 4234 dici
1131 4171 1227 4236 soleat
1241 4173 1331 4256 quid·

163 4263 234 4346 quid
249 4264 392 4331 detonare
405 4284 643 4351 accensoque
666 4269 790 4336 debebat
803 4278 884 4336 statu
904 4280 964 4348 est,
985 4273 1044 4339 laoc
1063 4273 1184 4356 qmdem
1205 4277 1273 4343 loco
1286 4273 1332 4344 soi

162 4357 310 4450 φᾶτατα
335 4368 426 4432 νοσεῖ
443 4370 686 4435 commodissime
712 4373 891 4456 accipiemus
915 4375 953 4438 ds
970 4393 1064 4442 uxore
1081 4387 1112 4442 et
1130 4381 1255 4460 marito,
1279 4381 1331 4466 qui
