3078 4954
704 471 772 568 ¹⁰¹.
825 563 829 568 .

122 679 136 706 r
153 661 296 728 rationem
314 680 418 744 parum
441 667 627 742 perspectam
642 655 756 721 haheat
800 655 878 720 Deos
894 655 940 719 ille
956 673 1074 726 ornnes,
1096 669 1173 733 quos
1187 650 1320 732 populus

149 767 273 849 publicis
288 763 476 847 religionibus
491 763 607 836 coleret,
622 770 652 824 et
665 781 733 824 esse
744 759 818 823 deos
833 760 926 824 credit
941 768 971 822 et
985 757 1156 821 adorandos
1175 762 1317 835 unquam

149 869 252 932 mundi
279 887 435 951 rerumque
454 868 651 931 humanarum
677 863 826 947 praesides
849 873 879 927 et
903 850 1121 932 modemtores,
1147 856 1236 920 alium
1256 856 1316 918 alio

149 972 302 1057 sapientia,
314 973 427 1048 virtute,
444 970 575 1053 potentia
592 967 846 1051 praestantiorem,
859 967 977 1028 honore
992 974 1089 1026 tauma
1104 970 1133 1022 et
1153 958 1316 1022 reverentia

148 1075 256 1155 dignos
282 1094 397 1138 ornnes.
441 1073 535 1155 htque
561 1073 637 1135 lianc
656 1070 847 1134 reuerentiam
869 1080 898 1132 et
913 1067 1083 1147 religionem
1111 1081 1173 1127 non
1199 1062 1316 1143 passim

148 1176 354 1241 tautummodo
376 1177 518 1258 inspersis
539 1175 624 1239 dictis
643 1173 813 1256 praeclaris,
840 1171 933 1253 qualia
948 1169 1035 1232 etiam
1050 1168 1128 1250 apud
1144 1165 1317 1247 Euripidem

148 1279 238 1343 multa
254 1289 337 1352 sunt,
352 1279 508 1342 hominum
528 1277 634 1340 animis
653 1275 786 1350 inculcat,
801 1275 852 1338 sed
873 1283 919 1336 est
934 1273 1007 1336 haec
1019 1270 1153 1334 omnium
1168 1269 1232 1331 eius
1253 1279 1317 1332 tra·

147 1381 318 1462 goediarum
334 1399 460 1454 summa,
476 1381 633 1460 omnisque
646 1397 747 1443 earum
763 1375 921 1458 descriptio
937 1387 965 1438 et
980 1373 1157 1456 compositio
1172 1373 1230 1435 huc
1245 1391 1319 1452 per·

148 1484 229 1558 tinet,
245 1500 306 1545 non
321 1490 355 1546 ut
368 1481 511 1546 inlinitum
527 1481 653 1563 aliquam
668 1491 698 1543 et
716 1481 880 1544 ahsolutum
896 1488 1030 1542 natumm
1051 1476 1194 1551 divinam,
1214 1491 1317 1537 renim

148 1585 282 1650 omnium
297 1585 469 1649 ellectrirem
485 1592 514 1648 et
528 1583 761 1656 moderatricem,
776 1581 827 1646 sed
842 1591 876 1646 ut
890 1583 947 1646 hos
968 1581 1051 1662 ipsos
1071 1580 1159 1652 deos,
1184 1597 1318 1659 quorum

147 1690 268 1753 nomina
283 1708 299 1752 a
315 1688 477 1752 maioribus
492 1688 596 1751 tradita
611 1696 774 1769 acceperat,
785 1703 912 1768 quonum
928 1686 1034 1765 templa
1050 1683 1079 1746 in
1094 1681 1218 1746 urbibus
1234 1701 1314 1744 con-
1332 1695 1350 1749 ο

148 1791 248 1856 stitula
263 1801 356 1867 erant,
370 1811 446 1874 quos
458 1792 552 1855 saeris
567 1800 597 1853 et
611 1789 797 1854 caerimoniis
812 1789 891 1852 cives
906 1785 1052 1859 colebant,
1070 1785 1207 1866 religiose
1221 1803 1315 1848 rene-

148 1895 256 1959 randos
272 1913 339 1957 esse
353 1893 482 1957 doceret
527 1893 603 1957 lluic
616 1903 715 1956 autem
731 1891 856 1956 consilio
871 1889 1073 1972 attemperavit
1092 1889 1178 1952 etiam
1202 1889 1318 1952 lolutla·

146 2015 229 2072 rum,
254 2015 329 2078 quas
354 2004 546 2079 pmpmeret,
582 1995 725 2058 delectum
756 2003 787 2057 et
811 1993 1023 2057 tractationem.
1077 1991 1152 2053 Nam
1179 1993 1317 2072 prolecto

146 2098 308 2181 heschplus
323 2115 384 2162 non
400 2097 493 2180 magis
508 2115 596 2180 mam
612 2099 769 2179 quisquam
783 2095 828 2158 illa
840 2103 941 2168 aetate,
955 2093 1005 2176 qui
1024 2092 1122 2175 paullo
1144 2111 1234 2174 supra
1251 2093 1319 2154 mt-

146 2221 215 2284 gum
228 2209 352 2282 saperet,
366 2209 425 2264 tam
442 2199 682 2282 superstistiosus
698 2198 845 2279 stulteque
858 2195 995 2260 credulus
1010 2194 1072 2270 luit,
1084 2206 1116 2258 ut
1126 2193 1269 2276 quirlquid
1281 2194 1321 2258 rle

146 2305 270 2368 deorum
286 2302 375 2368 rebus
391 2303 482 2384 gestis
497 2311 628 2365 vetustae
644 2300 756 2364 labulae
775 2309 942 2374 narrarent,
963 2308 1117 2381 propterea
1137 2298 1218 2379 quod
1238 2297 1319 2360 anti·

146 2407 245 2489 quitus
273 2405 413 2469 traditum
441 2413 504 2468 erat
518 2412 547 2468 et
573 2403 745 2468 credebatur
772 2406 898 2466 fortasse
913 2401 949 2466 ab
963 2401 1101 2474 anienis,
1123 2399 1179 2463 sibi
1196 2417 1320 2484 quoque

146 2509 324 2572 eredendum
345 2517 375 2570 et
393 2527 447 2590 pro
467 2526 537 2571 roro
553 2505 720 2570 habendum
736 2525 803 2569 esse
817 2514 972 2580 staureret3
992 2503 1117 2588 plurima
1132 2504 1210 2567 haud
1226 2503 1320 2566 dubie

146 2615 220 2686 licta,
242 2612 328 2693 plane
342 2620 456 2675 certum
472 2619 503 2674 et
516 2609 711 2674 indubitatum
728 2611 855 2673 lortasse
872 2608 945 2672 nihil
965 2627 1032 2670 esse
1053 2606 1210 2670 iudicabat.
1256 2608 1318 2670 Sed

145 2723 179 2777 ut
204 2713 332 2796 tragicus
359 2722 444 2795 poeto
469 2712 540 2775 olias
560 2730 596 2774 ex
622 2711 669 2775 his
695 2711 815 2787 labulis,
846 2730 918 2794 qraas
938 2727 995 2774 nec
1016 2709 1140 2772 deorum
1164 2709 1320 2772 maiestate

146 2816 282 2896 indignas
308 2824 338 2878 et
362 2815 474 2898 populo
496 2814 582 2878 utiles
608 2824 659 2879 out
680 2833 747 2876 esse
774 2821 823 2877 aut
849 2813 1022 2877 tractatione
1048 2830 1101 2874 sua
1127 2811 1203 2873 ellici
1224 2829 1320 2891 posse

27 2913 28 2916 ’
147 2919 340 2990 existimaret,
368 2915 542 2990 dedecebat,
569 2917 638 2980 alias
665 2925 763 2981 autem
790 2915 959 2998 spernebat,
984 2933 1093 2996 easque
1118 2922 1169 2975 aut
1195 2913 1319 2978 silentio

146 3020 393 3105 praetermittebat
408 3028 457 3083 out
472 3019 559 3082 etiam
575 3019 682 3100 apertis
697 3019 793 3083 verbis
809 3019 969 3091 reiiciebat;
989 3015 1018 3079 in
1034 3035 1094 3098 quo
1117 3015 1230 3078 delectu
1251 3016 1321 3080 dis·

145 3126 254 3188 sentire
270 3125 394 3186 tortasse
409 3121 514 3204 aliquis
528 3141 544 3184 a
560 3121 670 3185 summi
686 3121 738 3184 riri
754 3121 861 3184 imlicio
877 3119 980 3204 possit,
995 3119 1089 3202 ipsam
1104 3127 1203 3182 autem
1226 3139 1322 3202 quam

147 3227 239 3292 tenuit
260 3225 405 3290 rationem
425 3243 586 3307 agnoscere
606 3224 748 3288 dehemus
768 3225 854 3288 talem
881 3243 963 3298 esse,
989 3242 1064 3304 quae
1078 3223 1114 3286 ad
1140 3221 1322 3304 religionem

15 3344 17 3348 ·
146 3327 245 3392 omnia
261 3337 290 3390 et
304 3327 439 3409 pietatem
456 3327 540 3390 unice
555 3327 819 3410 relemt,'nihilque
834 3326 968 3390 admittat
987 3324 1193 3390 variandorum
1213 3335 1244 3389 et
1265 3346 1323 3391 or·

145 3434 314 3497 nandorum
338 3431 501 3496 canninum
522 3449 625 3505 causa,
646 3432 726 3514 quod
745 3428 782 3494 ab
804 3429 859 3493 illis
878 3430 1044 3494 seiunctum
1065 3449 1133 3492 osse
1147 3438 1177 3492 et
1190 3430 1324 3495 deorum

146 3535 223 3618 apud
251 3533 392 3598 homines
415 3535 595 3599 eeoemuont
623 3535 742 3598 obicem
772 3553 862 3617 posse
893 3534 1035 3598 rideatur.
1079 3533 1180 3614 ltaque
1205 3533 1323 3609 lovem,

146 3650 311 3703 ceterorum
336 3636 460 3700 deorum
486 3637 573 3719 longe
591 3637 893 3718 praestantissimum,
912 3638 1001 3702 etiarn
1020 3636 1071 3702 ubi
1090 3635 1211 3700 traditas
1226 3636 1266 3700 de
1282 3659 1323 3702 eo
1353 3653 1357 3662 ’

146 3743 259 3807 tabulas
275 3757 336 3804 uon
352 3739 478 3821 spernit,
496 3757 558 3803 non
579 3749 677 3803 umen
692 3747 849 3822 propterea
864 3741 937 3804 nihil
952 3741 1101 3803 diversum
1120 3739 1267 3820 proponit
1282 3742 1323 3804 ah

146 3846 204 3910 isto
214 3843 359 3916 fabuloso,
369 3860 457 3925 quem
473 3842 667 3924 sapientiores
682 3841 794 3907 dudum
807 3861 947 3925 spernere
956 3851 1121 3924 coeperant,
1136 3851 1241 3923 utpote
1253 3845 1323 3910 sola

147 3945 277 4032 potentia
297 3953 326 4008 et
344 3943 576 4018 immortalitate,
596 3964 659 4009 non
679 3963 748 4010 aero
767 3944 910 4027 sapientia
931 3954 960 4008 et
978 3945 1083 4008 uirtute
1099 3944 1230 4027 quolibet
1251 3965 1324 4012 ωε·

147 4049 239 4113 rliocri
265 4049 388 4112 homine
412 4047 650 4130 praecellentem:
677 4065 738 4111 non
764 4047 859 4130 magis
883 4056 983 4110 sutem
1008 4047 1270 4114 absolutissimum
1291 4061 1326 4116 et

146 4149 392 4236 perlectissimum
412 4168 539 4226 numen,
559 4151 673 4233 grutem
694 4171 845 4216 summum
865 4162 894 4214 et
913 4169 1006 4215 unum
1022 4169 1125 4215 rerum
1144 4152 1235 4216 deum
1250 4175 1326 4221 esse

148 4252 255 4319 debere
274 4251 445 4335 philosophi
465 4252 682 4330 intellexeruut,
700 4255 752 4319 real
768 4253 851 4338 quasi
871 4253 996 4318 mixtum
1012 4263 1140 4336 utraque
1153 4264 1185 4320 et
1199 4266 1325 4342 tempe-

146 4365 258 4434 ratum,
278 4374 381 4440 quem,
406 4374 500 4440 quum
513 4355 551 4420 ab
570 4357 719 4422 humanae
736 4366 858 4423 naturae
872 4357 1065 4425 similitudine
1078 4377 1142 4424 uon
1156 4359 1249 4426 nimis
1264 4365 1326 4429 ab·
