3078 4954
691 409 806 504 oa-

132 581 262 646 oetendit
280 599 314 644 ne
339 582 426 664 plane
440 599 556 644 meeum
572 581 691 657 sentire,
711 590 740 644 et
759 580 874 663 utrique
893 589 1030 644 nostrum
1053 599 1175 663 pravum
1194 582 1300 645 lorern

131 685 208 748 selva
229 683 379 750 nniretete
393 685 429 750 ab
444 685 587 768 deeclqlo
602 683 732 768 proponi
752 703 812 748 non
828 685 963 768 potuisse
982 685 1083 748 rideri.
1127 685 1186 748 Cur
1205 685 1302 766 igitur

131 809 179 852 me
198 787 405 872 reprehendit?
434 790 593 874 Propterea
614 789 738 866 scilicet,
763 791 841 872 quod
862 809 917 872 ego
937 789 967 853 in
989 789 1167 854 Pronrrtlaeo
1186 809 1300 872 praece

132 893 207 958 loris
223 915 322 959 mereo
336 913 398 960 nnn
414 894 532 978 quidem
547 915 623 970 esse,
639 896 692 959 red
704 895 794 959 rideri
809 903 906 958 tannen
927 893 1000 970 dixi,
1015 893 1103 976 idque
1117 894 1299 977 Aeschylum

131 999 274 1064 coluisse:
289 999 336 1066 ille
351 1009 454 1064 centra
469 1019 507 1064 ne
521 999 610 1063 rideri
626 999 743 1082 quidem
759 1000 842 1074 talen,
860 999 961 1073 autri
977 997 1141 1074 rideantur,
1162 999 1300 1062 noluisse

132 1113 230 1168 unren
252 1105 310 1168 linc
323 1103 499 1186 Aeschylum
518 1105 678 1168 contendit.
723 1105 753 1167 ld
780 1124 850 1167 rere
865 1103 929 1168 lieri
948 1121 1010 1166 uon
1033 1103 1143 1185 potuit,
1165 1102 1224 1167 nisi
1248 1115 1299 1168 aut

132 1209 226 1272 maluo
252 1219 339 1291 poete
366 1208 412 1272 ille
439 1207 500 1283 luit,
525 1216 575 1273 aut
599 1208 681 1273 aliter
705 1217 792 1290 atque
818 1226 875 1271 noc
895 1207 931 1270 de
950 1207 1082 1271 bonitate
1099 1219 1128 1272 et
1154 1210 1300 1291 pravitate

132 1331 250 1377 morum
266 1313 409 1377 iudicarit
454 1313 528 1376 'lam
543 1313 651 1377 malum
668 1323 785 1395 poetatn
805 1312 912 1386 luisse,
931 1322 977 1387 ut,
996 1311 1076 1394 quod
1091 1310 1234 1388 noluerit,
1250 1315 1299 1376 in·

132 1417 209 1480 ritus
235 1427 334 1481 temen
358 1415 551 1490 commiserit,
577 1435 665 1479 nemo
688 1417 771 1480 tacite
796 1416 906 1479 crena:
932 1425 1023 1478 restat
1046 1415 1135 1494 igitur
1159 1417 1299 1490 alterurn,

132 1531 319 1602 apparetque,
334 1519 504 1582 llernrannn
519 1537 580 1581 non
597 1518 665 1581 illud
681 1517 837 1581 dicendum
854 1521 959 1589 tuisne,
975 1518 1057 1582 aliter
1071 1538 1120 1580 me
1141 1519 1178 1580 de
1192 1519 1297 1582 animo

133 1621 222 1696 loris,
248 1622 300 1685 ecd
326 1623 384 1684 lace
409 1621 523 1703 potine,
542 1619 624 1683 aliter
643 1639 691 1682 nae
710 1621 747 1682 rie
767 1639 884 1682 nrorurn
905 1620 1045 1703 pravitate
1063 1621 1188 1695 sentire,
1208 1632 1299 1702 atque

132 1724 291 1806 dccehplut
310 1725 416 1788 renuat
434 1733 485 1785 aut
503 1723 613 1786 entire
633 1721 690 1804 ipsi
714 1721 854 1785 rideatur.
898 1723 956 1784 Sed
975 1723 1035 1785 lroc
1053 1722 1137 1803 quale
1152 1723 1206 1795 rit,
1226 1743 1299 1786 nior

133 1826 296 1889 accuratius
321 1825 500 1888 ridebimus:
531 1842 610 1888 nunc
635 1823 883 1887 considerandum
909 1834 969 1897 ert,
994 1843 1081 1904 quarn
1108 1822 1147 1885 oli
1173 1843 1298 1888 causare

135 1927 311 2009 Aeschylum
327 1947 364 1990 ne
379 1927 469 1991 rideri
484 1927 602 2008 quidem
619 1927 647 1989 in
664 1926 719 1989 liae
735 1925 829 1988 tabida
843 1945 952 2007 praros
967 1925 1043 1998 loris
1058 1945 1158 1988 ntcres
1169 1926 1301 1990 reluisse

133 2031 298 2094 contendat
339 2028 428 2104 „Non
455 2029 589 2092 tulissent
614 2027 704 2101 hod‘,
727 2027 835 2108 inquit,
860 2047 970 2110 ,aequo
989 2028 1088 2091 animo
1104 2037 1299 2110 spectaturos,

132 2133 298 2197 nescienter
313 2133 343 2196 in
358 2153 392 2196 ea
411 2131 530 2196 deinum
550 2149 623 2215 quae
642 2139 800 2212 sequutura
820 2140 899 2192 esset
918 2131 1065 2212 tragoedia
1081 2131 1178 2194 lorern
1199 2133 1332 2214 quaties

132 2255 165 2300 re
183 2255 249 2300 rora
268 2247 350 2301 cenet
367 2235 641 2320 appariturum³).¹‘
675 2233 763 2315 rope
783 2233 841 2297 lroc
860 2243 938 2298 mete
956 2250 1019 2296 nnn
1039 2233 1221 2306 raeccielrant,
1248 2257 1300 2298 err·

133 2351 290 2423 «quuturarn
309 2361 376 2404 erse
396 2339 588 2422 tragonlianr,
609 2355 683 2420 quae
705 2337 814 2402 exitum
830 2337 998 2400 certaminis
1019 2337 1301 2422 reconciliatamque

133 2464 200 2508 cum
219 2444 287 2508 lore
302 2443 514 2508 l‘rnrnetlreuni
536 2441 699 2518 erlrilreret,
718 2451 747 2505 et
769 2451 970 2524 spectaverant
989 2443 1085 2525 paullo
1106 2453 1173 2507 arete
1200 2442 1299 2519 aliani,

134 2547 164 2613 in
185 2567 244 2630 qun
263 2547 431 2612 ceruininir
457 2545 533 2611 illiue
553 2555 744 2628 moeroreque
762 2543 1012 2628 origoprcpnsita
1032 2557 1103 2612 erac
1147 2547 1221 2612 Nara
1243 2549 1300 2612 tri·

135 2652 241 2735 lopiano
256 2653 333 2717 lianc
349 2650 472 2734 igniferi,
483 2649 572 2716 rincti
587 2659 616 2714 et
630 2649 719 2714 soluti
733 2649 900 2714 l'rornethei
916 2669 997 2714 nune
1011 2651 1097 2715 etiarn
1109 2651 1300 2717 llennannne

135 2757 278 2838 agnoscit.
322 2755 422 2836 ltaque
444 2773 535 2836 quurn
561 2764 648 2835 neget
666 2754 779 2817 laturos
806 2762 990 2834 spectatores
1016 2754 1108 2818 luisse
1134 2757 1222 2818 talem
1239 2757 1300 2821 ribi

136 2861 232 2922 lorenr
248 2858 448 2940 propositum,
472 2856 555 2920 cuine
572 2874 671 2920 ntoree
686 2875 819 2918 eunrmae
833 2855 982 2936 pravitatis
997 2856 1125 2936 speciem
1145 2857 1302 2936 haberent,

136 2963 205 3045 quid
227 2962 303 3026 aliud
324 2980 412 3044 quarn
431 2960 568 3024 honrinen
589 2959 645 3022 ribi
665 2959 748 3040 tingit
767 2976 910 3040 perquam
927 2959 1094 3040 imperitos,
1114 2960 1164 3040 qui
1183 2972 1302 3042 partem

136 3077 275 3149 tanquam
290 3073 413 3146 partein,
429 3081 490 3126 non
506 3072 643 3142 tanquam
657 3069 766 3134 totum,
781 3059 936 3124 aestimare
950 3061 1147 3142 nequiverint,
1167 3064 1304 3146 ideoque,

136 3170 163 3232 ri
177 3169 247 3251 quid
258 3177 340 3232 creet
353 3167 382 3230 in
398 3175 491 3247 parte,
506 3165 586 3245 quod
603 3184 656 3246 per
670 3183 703 3226 so
718 3163 815 3225 solunt
827 3163 983 3245 displicere
998 3163 1103 3226 merito
1115 3175 1228 3247 posset,
1240 3186 1305 3230 non

137 3273 257 3337 tulerint
275 3272 334 3334 hcc
353 3276 524 3352 propterca,
544 3266 624 3348 quod
645 3265 769 3340 exitum,
794 3265 859 3328 licet
881 3284 951 3328 naor
967 3267 1118 3348 cognitum
1133 3267 1169 3330 iri
1184 3268 1306 3346 scirem,

137 3385 223 3458 atque
242 3374 329 3437 etiarn
352 3371 446 3455 qualis
468 3371 584 3433 luturur
599 3377 693 3442 esset,
709 3367 793 3431 lacile
807 3369 952 3450 suspicari
968 3379 1105 3450 pressent,
1121 3379 1220 3434 lernen
1235 3373 1306 3453 quis

137 3487 217 3539 erret
238 3477 369 3550 tuturus,
389 3472 524 3538 nondum
545 3473 631 3554 plane
653 3469 830 3534 cernerent?
857 3471 920 3552 Ego
936 3473 1138 3554 eontralonqe
1162 3473 1307 3556 probabi·

208 3735 233 3799 3)
253 3731 366 3785 Prneirit
377 3733 438 3786 haec
449 3731 527 3786 luliur
539 3734 642 3798 (henr,
655 3733 696 3784 rir
708 3732 867 3784 doctiorietur
880 3733 977 3800 puriter
987 3742 1015 3787 et
1026 3733 1195 3801 acutissimae,
1207 3733 1232 3786 in
1244 3750 1308 3786 een·

139 3835 200 3872 rura
213 3817 270 3872 tun
282 3819 331 3871 enei
344 3819 445 3872 lllureir
457 3819 608 3888 antiquariis
620 3819 726 3882 incerta,
739 3832 797 3869 nnn.
812 3816 876 3868 turc
889 3833 913 3885 p.
927 3817 991 3882 ³29,
1009 3818 1070 3869 illud
1082 3819 1190 3871 mulne
1203 3835 1308 3886 omne,

140 3906 207 3974 qnod
218 3904 272 3957 dini
289 3921 313 3974 p.
329 3906 372 3970 1⁰,
389 3906 501 3958 roloiue
514 3903 667 3972 Aerrlq'lotn
684 3903 730 3954 bac
741 3903 871 3968 trogoedie
888 3903 983 3954 coinon
1000 3911 1171 3973 apeetrtorctn
1182 3903 1218 3956 ite
1229 3905 1309 3970 allici,

142 3997 172 4042 nt
183 4004 287 4043 ueruto
298 3989 385 4043 lovere
396 3998 424 4044 ct
435 3991 562 4044 crudelem
578 3990 625 4042 ribi
637 3988 743 4060 proponi
759 3989 900 4042 crederent.
928 3988 1096 4058 tto-‘pattena
1107 3991 1233 4043 inmerito
1244 3989 1311 4043 &e-

141 4090 224 4128 reren
247 4075 403 4128 rtemann
426 4077 608 4146 circnnrpeete
629 4075 838 4144 conridenteqee
858 4076 985 4128 advorter-
1004 4092 1044 4129 nie
1069 4077 1214 4145 disputem
1234 4077 1311 4131 dicit:

142 4178 231 4214 rerum
240 4169 322 4215 tanen
333 4161 368 4213 lte
380 4162 527 4232 diopetarit,
539 4171 569 4216 ut
580 4163 675 4216 miore
683 4163 760 4215 etiarn
772 4162 996 4230 circumpectione
1008 4170 1035 4214 rt
1047 4163 1252 4216 eouiderm'one
1264 4166 1312 4218 rd-

142 4247 219 4302 titio·
236 4247 311 4301 facile
330 4248 448 4314 nunqu
466 4265 541 4318 porro
557 4251 686 4313 rideatur,
703 4248 728 4300 id
740 4250 806 4318 quod
817 4265 865 4315 ego
882 4249 966 4301 lacere
978 4257 1084 4302 conatu
1096 4265 1151 4303 ron
1164 4251 1189 4303 ie
1201 4251 1312 4320 optant·

141 4335 174 4385 ad
192 4333 272 4403 iprnn
285 4333 418 4387 Coeum
436 4334 544 4403 oeripu,
561 4342 589 4388 et
605 4335 637 4388 alr
649 4335 696 4389 hoc
708 4334 732 4386 in
745 4335 848 4387 Dicente
863 4333 1014 4402 retiquriir
1024 4351 1083 4388 eon.
1098 4335 1164 4390 tutu
1175 4336 1314 4407 perticeta,

142 4420 354 4488 quarreria-lde
367 4419 483 4474 vindieiir
496 4421 736 4476 enneadiieienden
749 4420 843 4491 poteri.

185 4507 233 4570 lll
860 4539 861 4542 ¹
1089 4511 1109 4572 7
