3078 4954
662 471 860 571 ,2³⁵-

178 661 240 726 aeri
255 679 362 725 seusus
374 661 619 742 christianamque
630 659 815 741 disciplinam
829 659 971 722 adhibens
985 659 1051 722 ideo
1063 659 1245 743 vituperasse
1258 660 1341 726 dioor

179 786 208 849 p.
231 767 261 840 5,
283 765 363 850 quod
386 785 459 848 quas
481 773 559 829 artes
580 763 750 827 hominibus
773 762 995 844 impertivisset,
1017 783 1069 826 eae
1091 783 1197 828 omnes
1218 783 1281 828 uon
1302 767 1338 830 ad

178 887 297 932 morum
317 869 492 952 probitatem
511 877 598 952 atque
617 866 707 930 animi
728 864 875 938 n'rtutem,
895 867 946 929 sed
966 867 1004 930 ad
1020 867 1092 931 vitae
1107 869 1296 932 necessitates
1309 879 1338 932 et
1355 881 1383 934 tt

179 973 403 1037 commoditates
423 979 603 1054 spectarent,
624 971 663 1033 ita
683 979 717 1032 ut
731 969 867 1033 homines
888 970 924 1033 ad
941 969 1038 1033 solum
1058 969 1189 1035 utilitatis
1208 972 1337 1036 studium

178 1075 378 1140 informaverit
388 1093 482 1156 eoque
492 1091 553 1136 non
565 1073 602 1137 de
613 1073 741 1136 bonitate
755 1071 829 1135 ritae
843 1071 1004 1152 rogitantes
1016 1073 1163 1153 pellexerit
1177 1075 1213 1138 ad
1225 1075 1339 1148 dnum,

178 1177 209 1241 in
229 1196 288 1259 quo
309 1177 365 1240 sim
386 1196 416 1259 p.
436 1177 477 1239 54
497 1195 590 1258 usqne
613 1195 650 1240 eo
669 1193 859 1258 progressus,
878 1184 910 1238 ut
930 1175 1140 1239 Prometheum
1160 1179 1203 1241 rel
1222 1177 1337 1240 diabolo

177 1279 412 1363 aequipararem:
427 1279 533 1362 quibus
549 1279 647 1343 relatis
662 1281 802 1342 exclamat
816 1277 1067 1360 indignabundus:

351 1379 474 1469 τλῆμον
495 1377 688 1468 Προμηθεῦ,
710 1378 770 1446 τοῦ
791 1374 886 1467 δίκην
907 1374 1049 1461 πάσχεις
1069 1374 1165 1457 aeide,-

178 1485 244 1548 lure
266 1485 409 1566 indignari
433 1485 528 1550 airum
554 1485 699 1568 optimum
721 1487 840 1558 iaterer,
867 1485 893 1547 si
915 1483 1053 1547 dixissem
1078 1503 1134 1565 eqo
1155 1485 1210 1549 ista
1230 1487 1337 1563 omnis,

178 1596 207 1650 et
227 1589 265 1650 ita
287 1587 441 1664 dixissem,
467 1598 499 1652 ut
518 1588 554 1652 ab
580 1589 627 1652 illo
647 1589 735 1652 relata
755 1597 839 1660 sunt,
866 1605 961 1670 neque
979 1586 1158 1650 addidissem
1176 1589 1264 1652 etiarn
1283 1590 1336 1654 alia

178 1691 336 1772 quaedam,
363 1710 437 1772 equae
464 1691 510 1754 ille
528 1701 578 1754 aut
597 1710 658 1754 non
677 1691 892 1764 animadvertit,
918 1700 967 1753 aut
990 1708 1165 1772 quacunque
1190 1692 1227 1755 de
1250 1711 1336 1756 eausa

177 1794 287 1855 reicere
307 1793 415 1867 nolnit,
438 1794 571 1873 quamvis
593 1812 772 1874 magnopere
791 1793 826 1856 ad
846 1811 909 1854 rena
929 1793 1111 1874 pertinentia.
1159 1793 1232 1856 Nom
1258 1797 1335 1878 quod

179 1914 207 1976 p.
225 1893 361 1956 stt-52
378 1894 415 1956 de
429 1894 539 1958 artibus
554 1894 613 1957 dixi
634 1913 695 1957 nnn
710 1895 745 1957 ad
762 1893 937 1977 probitatem
952 1915 986 1956 ac
1000 1895 1149 1967 virtutem,
1167 1895 1219 1958 sed
1234 1897 1271 1959 ad
1285 1915 1337 1960 ne·

179 1995 329 2060 eesstutes
344 2004 456 2059 tantum
472 1997 756 2077 commoditatesque
769 1997 843 2059 ritae
863 1996 1076 2078 spectantibus,
1094 2014 1157 2059 non
1177 2015 1248 2060 sane
1262 1999 1338 2062 situ·

178 2099 300 2182 perandi
321 2119 407 2163 causa
432 2098 504 2174 disi,
531 2099 583 2162 sed
608 2109 641 2162 ut
664 2099 804 2163 benefida
824 2098 991 2163 Promethei
1015 2118 1048 2160 ex
1068 2117 1138 2162 vero
1160 2101 1338 2164 aestimanda

142 2191 148 2208 '
178 2220 274 2286 neque
293 2203 389 2268 mains
412 2222 500 2286 quarn
520 2222 574 2285 par
596 2212 675 2266 esset
697 2203 823 2286 pretium
843 2203 878 2266 iis
898 2202 1084 2266 statuendum
1109 2221 1175 2266 esse
1195 2203 1337 2268 docerem

178 2307 261 2371 Hane
286 2305 325 2371 ob
351 2326 470 2372 mersam
495 2325 558 2371 non
576 2307 710 2370 sullioere
733 2305 804 2369 haec
828 2304 926 2368 omnia
950 2304 986 2368 ad
1011 2322 1109 2368 reram
1128 2305 1337 2370 humanitatem

178 2409 295 2487 monui,
315 2410 367 2473 sed
383 2409 491 2493 requiri
510 2411 606 2474 mains
621 2409 761 2492 quiddam
776 2418 864 2490 atque
877 2407 1017 2482 enipius,
1036 2407 1116 2489 quod
1131 2425 1191 2471 non
1208 2410 1339 2492 imperti·

177 2513 251 2576 verit
265 2513 436 2577 hominihus
451 2514 646 2578 Prometheus
666 2531 761 2594 nmque
776 2511 904 2593 potuerit
919 2511 1084 2592 impertire,
1098 2511 1237 2592 quoniam
1252 2513 1338 2577 huius

178 2615 366 2698 dispeusator
380 2634 457 2679 unus
472 2615 510 2678 sit
524 2617 560 2691 is,
575 2615 625 2698 qui
641 2605 874 2699 ἀριστοτέχνας
889 2608 1009 2697 πατήρ,
1030 2608 1231 2698 tantem-0769
1245 2609 1340 2693 δίκας

176 2737 214 2781 τε
234 2711 293 2780 καὶ
315 2709 469 2799 εὐνομίας
482 2722 579 2796 τοῦ),
600 2718 710 2798 lupiter
728 2725 758 2778 et
778 2715 827 2798 qui
842 2715 919 2778 loris
940 2715 1067 2778 ministri
1082 2735 1116 2778 nc
1135 2718 1209 2781 socii
1225 2719 1337 2782 suntin

176 2820 232 2883 vita
247 2819 402 2882 hominum
415 2819 521 2882 tuenda
536 2829 565 2882 et
578 2819 712 2899 regenda.
743 2817 907 2898 l'itnpemti
923 2827 1020 2880 autern
1035 2837 1063 2899 p.
1077 2819 1118 2882 tlt
1131 2819 1338 2884 Prometheum

177 2931 343 3004 propterea,
359 2923 438 3004 quod
454 2922 629 3004 opposuerit
643 2941 676 2984 se
690 2919 750 2982 lori
766 2919 929 2983 inhumani
944 2921 1059 3000 generis
1073 2939 1142 2984 cura
1157 2932 1187 2985 et
1200 2932 1338 3004 tanquam

177 3023 364 3098 educatione,
380 3023 464 3087 cuius
480 3023 570 3086 restio
586 3032 616 3085 et
630 3024 794 3086 moderatio
813 3042 905 3104 paones
925 3023 1005 3085 hunc
1022 3041 1114 3086 unrtm
1130 3043 1196 3087 esse
1210 3024 1339 3088 deberet:

177 3127 353 3209 vituperavi,
379 3126 458 3208 quod
485 3125 549 3208 ipse
575 3135 677 3190 contre
700 3125 776 3189 loris
803 3125 957 3206 imperium
980 3144 1037 3188 sno
1058 3129 1150 3191 modo
1172 3127 1339 3192 hominihus

178 3228 333 3293 consulere
353 3239 477 3292 conatus
497 3229 550 3302 sit,
575 3228 683 3291 scilicet
708 3228 918 3310 sapientiorem
945 3247 978 3290 sc
998 3228 1066 3292 lore
1087 3239 1117 3293 et
1141 3229 1293 3294 meliorem
1312 3240 1341 3295 et

178 3331 333 3395 leontinum
349 3331 543 3395 amantiorem
558 3351 625 3394 esse
640 3342 735 3406 ratus,
754 3331 893 3414 qnodque
907 3333 1068 3414 perstiterit
1088 3333 1117 3396 in
1137 3335 1196 3397 hoc
1208 3333 1341 3409 consilio,

179 3435 312 3516 quamvis
327 3433 507 3510 admonitus,
521 3453 638 3498 summa
653 3453 721 3498 eum
737 3435 912 3518 pertinacia:

363 3532 404 3599 τὸ
424 3525 478 3624 μὴ’
493 3528 620 3601 εἰδέναι
643 3532 705 3623 γὰρ
726 3531 831 3624 μηδὲν
852 3523 899 3601 ὦν
920 3531 1104 3625 ἡμάρτανεν

363 3629 512 3719 ἕκκαομα
533 3633 657 3727 τόλμης
679 3632 791 3705 ἱκανὸν
812 3633 887 3722 ἴσχε
907 3637 967 3707 καὶ
988 3637 1146 3724 θράσους.

178 3746 307 3830 Apparet
321 3751 433 3818 annm,
448 3760 507 3825 quo
523 3741 623 3806 animo
638 3761 707 3825 erqo
726 3742 822 3807 lovem
839 3743 1034 3809 Prometheus
1050 3747 1117 3820 brit,
1136 3747 1240 3810 eodem
1255 3747 1341 3812 etiam

179 3848 317 3913 homiues
336 3845 372 3911 ab
394 3866 430 3911 eo
450 3845 602 3910 institutos
622 3864 689 3910 esse
706 3845 856 3922 debuisse,
882 3847 979 3932 itaque
1003 3866 1064 3913 non
1083 3859 1216 3914 amantes
1236 3849 1342 3926 lovem,

179 3969 241 4016 uon
262 3957 435 4015 uenerantes
455 3967 522 4013 oum
544 3949 664 4032 pietate,
690 3959 722 4014 ut
741 3952 917 4035 sapientem,
941 3953 1065 4028 iustum,
1084 3953 1210 4030 bonnm,
1229 3967 1341 4038 patrem

179 4054 304 4137 denique
318 4053 393 4117 ritae
408 4072 532 4118 suorum
549 4053 776 4140 prospicientem
792 4055 930 4139 bonaque
948 4055 1047 4120 omnia
1063 4057 1211 4142 sapienter
1223 4069 1254 4124 et
1268 4060 1342 4126 iuste

179 4157 413 4240 dispensantem,
437 4158 488 4221 sed
512 4157 706 4224 abhorrentes
728 4161 829 4242 potius
853 4171 904 4225 sut
927 4161 1119 4226 formidantes
1147 4173 1229 4228 metu
1248 4165 1343 4230 senili

179 4271 318 4344 tauquam
334 4259 508 4324 malevolum
524 4261 669 4346 bonisque
683 4263 839 4328 hominum
854 4264 1041 4342 inridentem,
1055 4267 1141 4332 errius
1155 4269 1341 4352 sepositam

248 4485 274 4552 s)
295 4485 366 4539 erm.
380 4483 458 4538 nro
470 4501 493 4553 p.
507 4483 555 4537 sn
576 4485 686 4540 nanu.
