3092 4964
738 425 828 523 ut„

385 603 528 693 μιαίνων
549 603 885 697 παρθενοσφάγοισιν

386 707 490 790 πέλας
512 707 688 798 πατρρίους
708 707 804 796 χέρας
825 709 987 800 ῥεέθροις.

184 816 306 880 Codices
314 816 422 880 habent
433 810 575 898 μιαίνων
590 808 926 904 παρθενοσφάγοισιν
938 810 1094 902 ῥεέθροις
1106 808 1282 902 πατρῴους
1291 807 1338 895 χέ-

184 940 244 1003 ρας
249 915 365 1001 βωμοῦ
377 913 489 996 πέλας.
502 919 569 982 Non
578 918 678 982 dubito
690 931 797 994 autem,
811 919 948 1004 quinimo
960 911 1075 1002 βωμοῦ
1086 912 1191 994 πέλας
1201 937 1338 982 acumen·

186 1023 304 1098 tonent,
320 1021 370 1103 qui
386 1039 475 1102 quum
484 1021 638 1085 excidisset
647 1023 814 1105 praeposito
831 1017 897 1109 πρό
912 1031 980 1086 ante
994 1017 1124 1105 βωμοῦ,
1139 1021 1250 1084 sarcire
1265 1022 1338 1084 tacu-

184 1143 253 1188 nam
262 1133 427 1198 conaretur,
437 1123 574 1197 inductus
582 1125 669 1189 etiam
679 1129 804 1190 tranasse
812 1135 949 1209 corrupta
960 1123 1103 1208 stroplrici
1111 1125 1337 1187 tersuslettiom·

184 1217 354 1308 Ἀργείων,
373 1225 398 1288 si
414 1227 517 1288 eodem
533 1245 592 1307 quo
612 1229 789 1292 reretttinres
805 1229 922 1310 quidam
938 1246 1039 1291 erroro
1053 1225 1081 1288 id
1097 1243 1152 1307 pro
1169 1227 1276 1289 cretico
1289 1227 1337 1288 tu·

184 1328 255 1390 huit
285 1327 344 1390 Sed
358 1328 447 1391 otiam
463 1321 618 1413 ῥεέθροις
629 1330 726 1413 aliquo
739 1352 809 1394 casu
824 1334 971 1395 invectum
993 1339 1038 1392 est
1053 1347 1108 1410 pro
1120 1347 1187 1392 tura
1200 1329 1338 1410 scriptura
1380 1355 1383 1362 ’

184 1431 291 1512 ῥοαῖς,
306 1450 394 1512 quam
410 1432 609 1512 reponendam
621 1453 689 1495 esse
701 1435 871 1516 stropiricua
882 1451 985 1496 rorans
995 1433 1190 1495 demonstrat.
1217 1429 1339 1511 Denique

184 1535 214 1596 in
229 1535 351 1615 stropha
367 1551 420 1596 our
433 1534 607 1616 Aeschylum
621 1529 741 1620 τρίβῳ,
758 1535 904 1600 insolitam
920 1535 1081 1598 troesenen
1102 1537 1242 1604 formam.
1257 1551 1338 1614 praa-

185 1637 287 1699 tulisse
312 1635 393 1699 alteri
416 1633 518 1722 τριβᾷ
536 1655 684 1711 censeam,
705 1639 813 1701 nudam
833 1655 952 1700 eausam
978 1637 1072 1700 tideo.
1106 1635 1180 1699 Nam
1207 1633 1338 1696 codicum

184 1747 356 1801 nostrorum
372 1737 402 1800 in
417 1738 587 1802 huiusmodi
603 1757 634 1800 re
649 1739 726 1802 uuila
742 1741 900 1803 auctoritas
915 1749 969 1802 est.

268 1840 302 1903 ln
316 1841 419 1902 eadem
433 1840 630 1921 antistrophe,
645 1841 694 1903 ubi
710 1841 940 1920 Agamemnonis
955 1840 1040 1903 verto
1055 1841 1222 1903 reseruntur
1235 1839 1272 1900 de
1285 1856 1340 1918 po·

184 1938 291 2004 stolato
311 1941 385 2005 stliao
404 1941 547 2005 sacrificio
570 1941 655 2004 anxie
674 1942 872 2016 deliberantis,
891 1943 963 2004 haec
982 1943 1117 2022 leguntur
1135 1961 1162 2004 t.
1182 1941 1241 2004 tuo
1264 1957 1340 2022 squ:

386 2039 460 2120 πῶς
480 2036 643 2122 λιπόναυς
665 2039 808 2128 γένωμαι
829 2036 1015 2127 ξυμμαχίας
1037 2037 1207 2130 opoente,-

387 2139 600 2231 παυσανέμου
623 2141 683 2231 γιῖρ
706 2140 830 2226 θυσίας
852 2142 1039 2234 παρθενίου
1061 2140 1244 2229 θάῖματος
1266 2137 1343 2232 ὀργᾷ

587 2245 773 2336 περιόργως
795 2245 977 2334 ἐπιθυμεῖν
997 2245 1116 2333 θέμις·
1140 2238 1176 2317 εί·
1197 2246 1260 2335 γὰρ
1282 2241 1343 2336 oiig.

184 2356 221 2419 de
235 2373 362 2438 quorum
377 2354 502 2419 lectione
516 2365 602 2438 atque
618 2355 856 2439 interpretatione
870 2355 961 2421 muita
976 2376 992 2420 a
1007 2356 1108 2421 multis
1122 2355 1282 2420 admodum
1298 2354 1343 2417 in·

185 2469 228 2523 ter
252 2479 284 2524 se
303 2459 417 2523 diversa
437 2459 549 2541 prolata
569 2469 652 2534 sunt,
671 2479 746 2543 quae
765 2471 897 2544 repetere
915 2470 945 2524 et
970 2461 1122 2524 confutate
1143 2460 1264 2540 longum
1290 2466 1343 2520 est

184 2563 251 2626 Mihi
267 2564 384 2646 quidem
401 2580 461 2626 non
477 2561 598 2651 dubium
614 2571 672 2637 ost,
692 2562 763 2644 quin
779 2565 866 2627 hoca
883 2565 976 2628 odoro
997 2563 1123 2626 dicatur:
1145 2565 1344 2644 dgarrtemno·

184 2685 267 2741 nem,
292 2676 485 2749 posteaquam
505 2665 682 2746 aliquamdiu
703 2666 832 2729 incertus
856 2666 945 2729 animi
972 2664 1166 2739 fluctuaverit,
1191 2675 1343 2745 postremo

184 2769 403 2834 concedendum
424 2787 490 2831 osso
509 2768 660 2831 sociomm
680 2767 821 2831 uoluntati
842 2768 990 2851 filiamque
1004 2767 1148 2831 immolari
1164 2766 1270 2829 dobere
1284 2777 1344 2829 sta-

152 2900 154 2904 ·
184 2873 289 2935 tuisse:
315 2889 410 2952 nequo
436 2869 515 2933 eninr
536 2872 618 2933 aretas
639 2870 736 2934 ltabori
757 2891 861 2954 posse,
880 2872 959 2956 quod
979 2881 1039 2934 tam
1059 2871 1247 2934 tonsurentur
1266 2868 1295 2932 id
1309 2868 1345 2932 ab

183 2973 310 3036 exercitu
324 2973 510 3053 flagitaretur,
526 2971 763 3054 quandoquidem
779 2974 861 3037 alitor
877 2973 984 3057 placari
999 2973 1088 3036 ltinna
1103 2971 1346 3054 obstaculumqun

185 3077 220 3140 ab
236 3095 270 3139 ea
289 3075 464 3157 expeditioni
485 3075 631 3138 obiectum
646 3077 788 3140 remoueri
803 3095 866 3140 non
880 3085 992 3159 posset„
1037 3076 1077 3138 lie
1099 3076 1257 3151 sententia,
1276 3076 1345 3158 quin

185 3179 337 3261 aptissima
352 3179 406 3253 sit.
423 3197 512 3242 nemo
529 3177 609 3242 danila
623 3178 758 3258 ambiget
803 3181 898 3244 tanum
914 3198 1035 3243 necesse
1057 3178 1109 3242 duit
1130 3178 1189 3241 Ιιου
1203 3178 1271 3254 diei,
1286 3196 1346 3242 non

185 3281 324 3346 netarium
338 3281 552 3363 Agamemnoni
568 3281 660 3346 uisam
675 3301 741 3344 osso
756 3283 906 3346 sociorum
919 3283 1140 3364 flagitationem
1155 3301 1223 3345 nam
1239 3282 1283 3347 sic
1296 3283 1347 3345 de-

185 3404 267 3448 mum
282 3385 401 3466 intelligi
417 3394 531 3467 potest,
553 3402 606 3448 our
625 3384 846 3449 eoncedendum
866 3405 948 3459 esse,
968 3387 1101 3467 quanrvis
1116 3405 1215 3466 aegre,
1230 3385 1347 3448 tandem

186 3498 282 3551 tanuen
301 3487 432 3550 animum
454 3487 610 3551 induxerit
639 3485 683 3550 dd
707 3487 881 3550 infinitivum
909 3481 1092 3569 ἐπιθυμεῖν
1117 3487 1347 3551 subaudiendam

184 3588 286 3670 aliquia
307 3587 413 3652 dixerit
429 3583 489 3672 τὴν
515 3581 701 3669 ξυμμαχίαν
719 3589 855 3671 superius
874 3591 1071 3654 nominatam:
1097 3609 1167 3653 nam
1192 3590 1347 3672 signiticari

184 3684 262 3768 τοῖς
283 3684 486 3773 ξυμμάχουςς
508 3699 676 3769 apotomen
696 3691 870 3774 Aeschylum
891 3692 1056 3756 suirioottuu
1078 3692 1217 3756 disertius
1235 3692 1347 3774 sibott-

185 3813 268 3858 casse
287 3794 391 3869 eredo,
412 3793 470 3857 sie:
491 3783 574 3879 ὀργᾷ
595 3779 764 3879 περιέργῳ
787 3784 847 3880 σφ’
871 3787 1054 3876 ἐπιθυμεῖν·
1074 3788 1188 3877 θέμις.
1218 3795 1277 3858 Sed
1292 3815 1347 3876 po·

185 3906 292 3962 struma
319 3897 372 3961 tn'a
391 3897 478 3962 verba
498 3897 575 3960 haud
597 3895 684 3961 dubio
703 3906 839 3981 corrupta
861 3909 940 3961 sunt.
969 3898 1158 3962 liermannus
1177 3897 1295 3980 quidem
1315 3916 1347 3961 ea

133 4081 136 4088 Δ
187 3999 231 4062 sio
244 3999 379 4082 explicari
396 4021 486 4084 posse
499 4010 645 4076 autumat,
660 4009 694 4064 ut
705 4000 895 4064 subaudiatur
908 4003 1065 4077 sententia,
1083 4001 1119 4066 ad
1140 4021 1228 4084 quam
1245 4021 1347 4066 oausa-

187 4102 223 4165 lis
242 4103 381 4185 pattinda
402 4098 462 4192 γάρ
483 4107 639 4180 referatur,
658 4122 780 4186 nempe:
801 4104 854 4168 ain
874 4105 946 4169 ttat
987 4104 1095 4182 ‚‚itn“,
1114 4105 1224 4190 inquit,
1245 4105 1348 4190 „quud

187 4205 358 4270 brevissime
373 4207 445 4272 dixit
459 4219 559 4290 poeta,
573 4207 773 4291 accipiendum
789 4217 834 4272 est
848 4209 927 4274 huno
941 4208 970 4272 in
990 4210 1129 4274 modum:
1148 4229 1242 4288 nam,
1261 4229 1351 4294 quo·
1408 4235 1412 4241 ·

189 4309 281 4374 uiam
301 4310 424 4374 evitari
445 4327 515 4374 non
535 4320 671 4393 potest,
692 4312 890 4395 optandum
910 4321 948 4376 ut
973 4313 1062 4377 bone
1081 4323 1227 4380 vertat‘·
1262 4315 1351 4396 Ergo.

187 4413 321 4494 quamuis
335 4411 493 4477 subaudias
504 4412 573 4478 illud
589 4413 734 4489 sierint,
750 4415 882 4496 nondum
894 4423 992 4480 tamen
1004 4417 1140 4500 proemia
1149 4417 1351 4503 interpretatio
