3196 4954
126 633 241 696 sitalem
261 648 429 696 coacervem
449 632 580 709 student,
603 629 705 714 quales
723 639 795 693 sunt
812 639 991 696 mercatores
1012 631 1118 716 aliique
1142 631 1172 698 id
1194 651 1289 716 genus

125 735 270 812 homiues,
285 753 412 817 quartum
427 753 476 800 ars
485 727 730 823 χρηματιστική
743 743 798 808 est,
812 733 941 818 nihilque
954 735 991 800 ad
1002 737 1208 801 oeconomiam
1218 757 1288 820 per·

124 841 210 905 tinet:
230 839 334 903 eodem
354 837 446 902 modo
466 839 552 902 etiam
572 836 665 902 Stoici
683 837 760 901 hanc
776 833 1039 925 χρηματιστικὴν
1055 839 1092 904 ah
1112 841 1289 905 oeconomia
1407 877 1411 886 ·

124 943 325 1030 seiunxerunt,
343 941 536 1025 dixeruntque
549 933 727 1024 ἐμπειρίαν
740 935 989 1028 περιποιήσεως
1000 937 1174 1028 χρημάτων
1187 934 1288 1030 cipet-

125 1043 203 1128 δώς,
224 1041 284 1110 καὶ
299 1038 369 1124 ἔξω
382 1036 651 1129 ὁμολογουμένως
665 1037 935 1131 ἀναστρέφεσθαι
951 1041 1115 1110 ποιοῦσαν
1133 1040 1169 1111 ἕν
1186 1065 1287 1112 σινα-

125 1147 215 1236 propp}
227 1142 411 1236 χρημάτων,
432 1143 490 1212 καὶ
504 1141 641 1234 τηρήσει
655 1142 713 1210 καὶ
728 1137 893 1212 δναλώσει
913 1143 998 1232 πρὸς
1017 1139 1185 1236 εδποριάν.
1213 1151 1286 1232 Epi·

123 1251 202 1316 curci
214 1269 340 1332 quoque,
354 1249 420 1313 licet
429 1248 594 1313 divitiarum
607 1248 737 1312 studium
753 1250 977 1332 haudquaquam
988 1269 1005 1313 a
1016 1251 1149 1334 sapiente
1159 1251 1287 1315 alienum

123 1355 293 1428 iudicarent,
312 1371 407 1434 noque
421 1351 623 1434 possessionis
639 1351 761 1415 modum
782 1353 845 1416 sola
863 1354 1038 1417 necessitate
1059 1353 1187 1428 linirent,
1208 1367 1286 1418 certa

126 1469 224 1522 tamen
240 1464 380 1538 quaestus
395 1472 501 1535 genera
515 1470 577 1517 non
593 1453 691 1518 miuus
707 1474 796 1536 quam
812 1456 900 1519 ceteri
915 1455 1129 1539 improbarunt,
1143 1467 1173 1520 et
1185 1457 1286 1521 l‘hilo-

123 1563 228 1625 demus
243 1558 297 1622 tria
313 1566 427 1622 mutum
441 1558 571 1641 sapiente
586 1557 672 1639 digna
688 1577 755 1621 esse
770 1557 951 1640 pronuntiat,
971 1559 1129 1642 dequibus
1149 1579 1218 1624 mor
1237 1561 1287 1625 di·

122 1662 247 1728 cendum
263 1660 327 1724 erit.
352 1659 411 1724 Sed
426 1661 463 1725 de
478 1659 641 1724 divitiarum
656 1661 755 1725 studio
771 1670 801 1724 et
814 1662 883 1727 hine
896 1661 1064 1726 deliniendo
1077 1663 1286 1728 oeconomicus

123 1764 272 1830 doctmnae
293 1763 419 1827 consilio
442 1764 605 1828 Philodemi
627 1764 711 1828 locrus
734 1783 824 1847 pravo
849 1764 995 1828 editorum
1020 1766 1228 1848 supplemento
1254 1768 1285 1831 iu

123 1870 246 1934 alienam
262 1866 440 1931 seutentiam
451 1867 585 1931 detortus
597 1877 651 1940 est,
667 1886 695 1949 p.
712 1868 763 1942 tu,
779 1867 835 1930 20:
851 1862 1030 1953 φιλσσδφιμ
1046 1860 1079 1930 δ’
1092 1863 1165 1934 sort
1180 1865 1286 1933 πλαδ-

121 1991 181 2035 τσυ
194 1964 333 2053 μῐικριδν,
353 1957 374 2032 δ
389 1961 629 2052 παρεδώκαμεν
643 1970 806 2048 [εὐκοιρλως
822 1970 892 2044 τοῖς
906 1971 1141 2054 καδργεριόσωι
1161 1965 1197 2034 δν
1215 1973 1287 2048 τοῖς

123 2067 203 2157 περὶ
217 2075 374 2144 collatione
390 2073 526 2146 [κόμαις
552 2062 710 2154 chotemir
725 2063 1049 2156 ολκσῐνομιοικκῆςτε
1066 2066 1185 2136 κοῦτοι·
1205 2067 1286 2158 κτή-

122 2193 206 2252 σεως
218 2169 276 2238 καὶ
290 2169 349 2259 τῆς
362 2167 479 2236 τούτου
493 2168 644 2258 φυλακῆς
658 2165 928 2255 παραδίδοσθαι.
954 2173 1052 2236 Prima
1067 2173 1153 2238 verba
1168 2175 1195 2237 si
1210 2177 1286 2239 lorte

122 2279 180 2342 hoc
195 2277 360 2360 sigoihcare
374 2275 503 2339 editores
524 2274 719 2349 crediderunt,
739 2275 862 2357 sapienti
883 2293 989 2356 paruas
1004 2294 1077 2356 opes
1097 2277 1241 2351 sulficere,
1255 2289 1285 2340 et

120 2380 234 2462 linguae
248 2379 307 2442 sim
324 2377 492 2450 intulerunt,
510 2387 540 2440 et
558 2387 689 2442 mentem
704 2377 866 2440 Philodami
888 2397 921 2440 se
939 2395 1001 2439 non
1021 2387 1199 2460 assequutus
1218 2399 1286 2442 esse

121 2485 292 2557 ostendunt,
306 2480 389 2544 cuius
403 2479 537 2562 proxima
553 2480 651 2543 omnis
665 2479 824 2561 disputatio
840 2479 869 2542 in
885 2499 921 2542 eo
937 2492 1109 2562 occupatur,
1123 2492 1158 2547 ut
1168 2482 1285 2547 divitias

121 2585 264 2668 optabiles
278 2603 343 2646 esse
358 2582 469 2646 doceat.
499 2582 553 2646 Sin
567 2601 638 2646 vero
654 2600 717 2644 earn
734 2581 908 2645 sententium
924 2601 990 2646 esse
1012 2585 1175 2660 voluerunt,
1195 2604 1285 2667 quam

120 2688 238 2771 quidem
258 2688 355 2767 lingua
370 2687 465 2749 solam
479 2685 618 2759 admittit,
637 2693 669 2748 ut
684 2684 864 2767 philosopho
879 2684 999 2764 exiguae
1014 2707 1087 2770 opes
1101 2708 1170 2751 csse
1183 2687 1285 2752 dican·

121 2799 177 2864 tur,
204 2789 281 2853 lianc
300 2807 349 2851 res
370 2787 432 2868 ipsa
452 2787 555 2850 lalsam
574 2807 640 2849 esse
659 2786 858 2850 demonstrat:
883 2805 950 2850 narn
971 2807 1032 2851 non
1054 2809 1167 2871 paucos
1186 2791 1284 2873 philo-

121 2892 234 2974 sophos
250 2889 408 2972 perdivites
424 2889 505 2952 omni
520 2898 654 2971 tempore
668 2889 759 2953 luisse
774 2889 840 2970 quis
859 2887 975 2953 nescit?
1006 2891 1200 2958 Scrihendum
1220 2905 1282 2958 est:
1299 2907 1330 2962 :tl

120 2987 302 3082 φιλοσόφῳ
318 2981 350 3053 δ’
366 2983 437 3054 ἐστὶ
452 2986 599 3057 alodem
613 2999 789 3073 prletqsqov:
807 3001 893 3074 atque
908 2992 948 3055 ita
967 2992 1086 3058 elemuur
1107 2995 1194 3059 etiam
1214 2997 1284 3060 illud
1333 3011 1336 3018 ’

121 3094 346 3168 consectarium,
357 3086 507 3180 ώσεετὴν
515 3086 800 3174 οἶκομομωμκτλ,
812 3103 890 3158 recte
898 3094 1067 3162 adiunctum
1076 3117 1144 3162 esse
1153 3111 1284 3181 apparet

120 3196 294 3266 intermedia
305 3213 375 3260 sero
387 3196 548 3261 enuntiatio
560 3197 590 3261 in
601 3197 682 3262 hunc
693 3199 815 3261 modum
831 3198 1007 3264 restituenda
1023 3200 1148 3266 ridetur:
1164 3191 1286 3284 δπαρ-

121 3295 290 3382 εδώκσμεκ
315 3301 509 3377 [διοιοὺσΙως
530 3301 601 3378 τοῖς
618 3302 858 3387 καδηγεῑμὸσσς
881 3294 917 3365 ἐν
938 3302 1010 3378 τοῖς
1033 3298 1113 3387 περὶ
1139 3297 1287 3367 nielson

121 3398 248 3486 λόγοις·
272 3404 349 3484 quod
365 3407 573 3486 proposuimus
592 3415 782 3468 commones
801 3423 867 3468 com
886 3407 1033 3486 moqimnh
1055 3409 1087 3468 he
1106 3410 1143 3470 iis
1160 3427 1235 3490 quoe
1253 3409 1288 3471 de

121 3507 228 3570 dioih'is
243 3506 439 3587 disputarunt,
455 3515 505 3568 aut
519 3505 607 3569 etiam
622 3507 842 3588 de'sputooimru.
868 3507 941 3571 Nam
958 3509 1016 3572 hoc
1030 3508 1148 3590 quidem
1164 3527 1225 3574 non
1237 3531 1287 3574 sa-

123 3606 160 3670 tis
172 3605 298 3669 discerni
314 3614 422 3687 potest,
438 3615 537 3669 utrum
552 3625 638 3670 suam
653 3608 690 3670 de
705 3608 813 3671 divitiis
829 3607 1060 3690 disputationem
1075 3611 1229 3691 signiticet,
1249 3632 1287 3677 an

121 3708 254 3781 aliomm,
268 3725 303 3769 ex
319 3705 465 3770 veteribus
480 3715 576 3770 seuae
587 3725 658 3770 sune
669 3708 860 3790 principibus,
873 3729 950 3790 quos
961 3705 1195 3796 καθηγεμόνας
1204 3714 1285 3798 dicit,

120 3809 198 3874 uelut
216 3807 384 3880 llotrodori,
405 3807 488 3872 cuius
508 3807 615 3872 librum
635 3803 715 3892 περὶ
735 3804 883 3874 πλούτου
900 3820 930 3873 et
944 3812 1089 3892 Diogenes
1104 3813 1137 3875 L.
1152 3831 1285 3877 comune·

120 3919 219 3974 morat
234 3909 269 3984 x,
283 3908 324 3972 24
344 3909 459 3972 tom.ll
479 3928 509 3992 p.
530 3911 602 3984 461,
625 3919 654 3974 ct
672 3927 742 3974 mox
762 3911 825 3994 ipse
838 3912 1031 3977 Philodemus
1050 3913 1128 3976 citae
1143 3933 1217 3978 vers.
1232 3916 1285 3979 ll.

121 4011 237 4088 Quodsi
248 4011 307 4074 hoc
317 4009 473 4089 sumimus,
489 4013 569 4100 quod
582 4031 652 4077 sane
663 4012 845 4094 probabilius
862 4023 919 4090 est,
935 4014 1004 4079 illud
1015 4003 1036 4080 ‘d
1046 4009 1288 4098 παρεδώκαμεν

119 4115 266 4200 μειλίσσεο
280 4113 413 4178 dicemus
426 4115 462 4178 ad
477 4115 660 4198 superiorem
676 4115 800 4198 aliquem
814 4116 912 4180 locum
928 4116 1017 4182 huius
1029 4117 1124 4200 ipsius
1135 4119 1236 4201 opem
1249 4121 1287 4186 de

119 4217 276 4284 virtutihus
292 4225 323 4283 ct
336 4215 423 4281 titiis.
451 4217 678 4301 Neapolitanum
697 4217 936 4302 supplementum
952 4211 1115 4306 εὐκαίρως
1132 4241 1189 4306 pro
1204 4213 1287 4289 δκσ-

119 4313 255 4398 totam
268 4337 330 4383 non
345 4328 392 4383 est
404 4319 566 4385 serendum
581 4321 700 4405 nequis
714 4321 861 4405 praeierm
874 4323 955 4388 velit:
975 4343 1073 4408 neque
1086 4327 1167 4408 quod
1182 4325 1286 4392 Goett·

120 4421 227 4503 linpius
242 4419 372 4502 scripsit,
392 4407 414 4484 δ
427 4417 670 4528 παρεδώκαμεν
683 4426 787 4499 [πάντα
798 4420 914 4504 acalcie
931 4426 1002 4504 τοῖς
1015 4429 1285 4514 καθημεριόαιδο-
