3078 4954
739 436 800 500 112

194 628 279 702 Quod
293 633 391 686 eutem
406 623 436 686 in
451 623 584 706 Epapho,
598 623 675 686 iovis
690 635 720 688 et
734 625 784 688 lus
799 625 868 702 idio,
882 624 1040 708 quidquam
1053 626 1151 690 inesse
1164 639 1259 710 negat,
1273 629 1352 711 quod

192 729 361 792 similiorem
376 726 433 789 diis
447 725 607 802 hominem,
622 747 710 809 quam
725 729 858 810 quemuis
873 728 977 804 aliurn,
998 729 1117 810 prodat:
1132 732 1355 812 respondebunt

191 851 244 914 pm
256 851 304 894 me
316 829 461 893 Pindarus
472 840 502 894 et
512 829 623 906 Cieero,
640 849 767 912 quorum
783 833 864 907 aiter,
878 832 962 896 Nem.
975 831 1009 908 X,
1021 833 1051 906 5,
1064 832 1169 897 multem
1181 833 1211 896 in
1222 835 1353 916 hegppto

190 935 321 998 ciuitates
340 935 377 998 ah
393 935 516 1018 Epapho
537 935 669 998 conditas
685 954 752 997 esse
771 943 908 1010 testatur,
928 935 1014 1009 alter,
1034 935 1071 999 de
1090 955 1123 1000 re
1143 937 1223 1019 pubi.
1245 938 1257 1001 1
1277 958 1302 1001 c.
1324 939 1354 1014 7,

189 1039 300 1102 notiam
316 1059 382 1103 esse
397 1058 468 1116 rem,
484 1038 513 1102 in
528 1057 584 1121 que
599 1037 723 1121 propius
738 1039 774 1101 ad
790 1039 915 1102 deorum
932 1057 1041 1103 nrtrnen
1057 1040 1148 1105 virtus
1163 1041 1284 1104 noeedat
1298 1042 1354 1104 hu·

190 1155 287 1219 mana,
307 1143 540 1226 quaneh-tutes
555 1153 605 1206 aut
620 1142 746 1206 condere
760 1160 867 1218 noras,
884 1153 934 1206 aut
949 1162 1122 1208 conservare
1138 1144 1195 1208 iam
1211 1147 1354 1211 conditas.

191 1249 288 1331 itaque
310 1247 336 1310 si
350 1247 493 1331 Epaphus
513 1247 600 1310 rustes
620 1257 708 1330 atque
725 1255 856 1328 agrestes
877 1246 1013 1311 homines
1034 1247 1064 1312 in
1080 1251 1211 1332 Aegypto
1228 1269 1354 1333 congre·

189 1354 273 1433 gavit,
288 1351 362 1416 oieiii
377 1353 515 1416 societate
534 1349 697 1424 coniunxit,
716 1350 827 1434 iegibus
843 1361 930 1433 ntque
949 1352 1089 1416 institutis
1105 1373 1122 1416 a
1138 1353 1249 1416 scritate
1267 1372 1353 1417 reeo-

189 1455 273 1531 eaeit,
293 1457 366 1530 hoo,
387 1457 508 1538 opinor,
528 1475 566 1518 ne
581 1455 766 1518 hermannus
782 1453 910 1536 quidem,
929 1455 1061 1536 quamvis
1078 1457 1230 1538 magnifiee
1245 1457 1282 1520 de
1296 1458 1354 1520 hu·

190 1579 275 1622 neena
289 1570 392 1622 nature
408 1559 522 1632 sentiet,
537 1557 691 1622 cuiuslibet
707 1556 836 1621 hominis
853 1558 943 1621 inisse
958 1559 1129 1632 contendet,
1143 1561 1194 1622 sed
1211 1560 1289 1636 eius,
1305 1559 1354 1642 qui

188 1663 293 1726 virtuto
306 1671 336 1725 et
347 1662 488 1744 snpientia
500 1661 624 1724 eximius
641 1670 734 1724 esset:
750 1669 879 1724 veterum
893 1681 972 1737 vero,
986 1661 1120 1743 Aeschyli
1133 1662 1255 1744 eiusque
1270 1663 1355 1725 simi·

186 1765 257 1830 lium
278 1784 332 1829 seu
352 1765 444 1848 pietas
464 1784 517 1829 seu
538 1765 708 1848 superstitio
729 1765 831 1847 perfici
853 1765 916 1829 talis
938 1765 995 1828 nisi
1017 1765 1115 1829 divino
1135 1765 1276 1830 instinctu
1292 1783 1354 1828 non

186 1889 276 1952 posse
301 1868 449 1944 credebat,
475 1868 600 1950 ideoque
624 1871 720 1950 legum
748 1869 1010 1950 institutorumque
1034 1869 1159 1932 civilium
1186 1869 1314 1951 origines
1338 1888 1354 1931 a

187 1973 252 2050 diis,
267 1973 369 2038 utinm
381 1972 552 2055 supradixi,
567 1972 730 2055 repetebat:
747 1972 824 2034 unde
836 1981 957 2053 apponet
967 1973 1122 2055 Epaphum
1138 1989 1170 2035 re
1180 1990 1247 2034 vera
1260 1990 1354 2035 unum

188 2096 292 2138 eorum
308 2077 409 2150 tuisse,
424 2075 482 2158 qui,
497 2075 613 2138 iliorum
629 2075 749 2156 quidem
766 2073 884 2150 iudicio,
901 2074 990 2138 divini
1005 2085 1034 2138 et
1048 2074 1172 2138 deorum
1188 2073 1239 2137 sdii
1253 2073 1355 2137 hrheri

188 2179 326 2242 «deberent
337 2186 344 2224 ¹
356 2181 397 2256 ο).

272 2282 432 2346 Dicendum
449 2279 555 2362 ahquid
571 2279 659 2342 etium
680 2280 717 2343 de
732 2279 872 2342 Alcmena
892 2289 946 2342 est.
991 2279 1189 2362 deprehendit
1208 2278 1286 2342 enim
1307 2299 1355 2340 me

189 2382 385 2456 hermannus,
401 2384 481 2466 quod
498 2383 573 2446 irone
587 2381 730 2444 rodentem
747 2400 813 2444 cum
830 2381 896 2446 iove
916 2381 1112 2445 concubuisse
1128 2381 1263 2445 tinxerim
1279 2398 1353 2444 eon·

189 2497 230 2550 tra
247 2485 433 2550 notissimam
449 2484 583 2557 saboiam,
599 2504 672 2566 quem
688 2485 838 2566 dompnum
853 2505 919 2547 esse
935 2493 1035 2547 noerat
1050 2483 1145 2547 mariti
1160 2483 1354 2565 Amphitruo·

188 2590 234 2651 nis
249 2589 348 2671 specie
362 2609 378 2652 a
393 2589 460 2650 love
481 2596 641 2669 asssumpta.
686 2587 749 2667 Ego
769 2607 838 2650 tero
859 2587 929 2650 nihil
947 2588 983 2649 de
998 2585 1135 2650 Alcmena
1150 2585 1210 2648 dixi
1224 2586 1281 2648 nisi
1296 2585 1354 2647 hoo

189 2710 290 2767 unum,
306 2692 398 2755 inisse
413 2710 478 2754 enm
494 2699 674 2772 postremam
692 2691 859 2754 montolium
877 2688 1047 2764 mulierum,
1062 2709 1135 2772 ques
1150 2689 1259 2772 Iupiter
1273 2707 1354 2751 ama·

186 2795 273 2870 verit,
294 2795 539 2876 hesehyiumque,
560 2811 651 2874 quum
667 2803 696 2856 et
710 2793 824 2866 Ionem,
844 2810 918 2872 equae
933 2790 1029 2873 prima
1045 2791 1141 2869 iuerit,
1157 2803 1186 2855 et
1200 2793 1355 2854 hicmenee

188 2897 280 2960 tilium
296 2899 448 2961 ilerculem
465 2897 494 2959 in
510 2895 688 2958 Peonaetheo
705 2895 865 2968 intinxerit,
881 2894 968 2957 simui
984 2893 1113 2975 peinmm
1135 2893 1249 2957 initium
1266 2913 1353 2975 gene·

187 3001 346 3064 sanderum
362 3019 378 3060 a
394 2998 461 3061 loeo
476 2999 602 3060 heroum
619 2997 655 3058 nd
671 2997 787 3076 generis
802 2996 923 3058 hunrani
939 2995 1076 3070 sulutem,
1095 3005 1124 3058 et
1139 2996 1275 3059 ultimum
1291 2997 1355 3059 eius

188 3103 230 3164 rei
254 3101 538 3183 saiedrerrinmmque
561 3097 733 3162 ireaminihus
759 3103 884 3161 interum
910 3097 1113 3180 proposuisse.
1169 3097 1355 3162 Hermonnus
1461 3181 1464 3188 .

189 3215 305 3275 auteur,
325 3202 438 3285 oppium
458 3223 475 3264 a
495 3222 542 3264 nae
556 3203 725 3265 hiemenam
745 3201 808 3264 loni
830 3211 863 3264 ut
877 3201 1008 3264 ultimam
1025 3201 1137 3282 primae
1152 3202 1265 3277 videns,
1279 3202 1357 3266 haam

145 3321 173 3373 ιι
192 3327 286 3370 meane
303 3305 446 3387 temporis
462 3305 714 3386 comparationem
726 3323 783 3368 suo
794 3303 933 3368 arbitratu
949 3305 1035 3368 etiam
1052 3304 1087 3367 ad
1099 3304 1231 3367 oninium
1243 3304 1355 3368 utrius·

191 3431 247 3493 que
273 3409 373 3484 traxit,
396 3419 443 3484 ut,
468 3407 717 3491 ‹perenmdmodum
741 3408 853 3490 primae
878 3417 1042 3490 postrema,
1067 3405 1110 3470 sio
1134 3407 1220 3471 etiam
1245 3407 1356 3471 nolenti

191 3514 291 3576 votens
307 3521 516 3595 opponeretur.
548 3511 720 3586 ilernranni,
736 3511 865 3593 inquam,
880 3519 925 3574 est
939 3511 1010 3575 haee
1025 3511 1185 3594 oppositio,
1200 3527 1261 3573 uon
1277 3527 1356 3574 mea:

189 3617 261 3680 mihi
275 3626 309 3679 ιιι
322 3635 387 3679 eam
402 3614 557 3690 tribueret,
572 3615 648 3678 iraud
664 3614 751 3678 duisie
766 3613 865 3696 aliquo
884 3633 985 3678 errore
997 3617 1108 3679 iactum
1123 3621 1169 3677 est
1185 3613 1267 3678 iacile
1281 3631 1355 3678 oon·

189 3719 341 3794 donando,
355 3716 413 3780 nisi
427 3716 562 3780 adiuncto
577 3726 659 3780 esset
672 3717 759 3780 etiam
775 3716 950 3780 criminatio.
984 3716 1058 3782 Nom
1074 3727 1231 3800 postquam
1247 3736 1295 3780 me
1310 3717 1355 3779 di·

189 3833 302 3886 centem
316 3821 393 3894 iecit,
408 3820 488 3903 quod
499 3838 561 3883 non
573 3819 642 3894 diui,
658 3819 817 3900 captiosa
835 3839 882 3883 roe
898 3820 1037 3884 faliscis
1053 3819 1082 3883 id
1094 3819 1204 3884 dixisse
1215 3828 1355 3883 autumat.

189 3923 394 3996 hhstinuisset,
408 3922 520 3997 eedem,
534 3923 593 3985 hoc
607 3941 711 4001 genero
726 3922 887 4004 pugnandi,
901 3931 944 3994 et,
964 3921 989 3984 si
1004 3941 1052 3985 me
1067 3922 1195 3984 refutare
1210 3919 1355 4002 cupiehat,

190 4025 366 4106 inspexisset
383 4023 486 4087 saitem
506 4025 685 4098 accuratius,
704 4023 773 4104 quid
791 4023 935 4105 seriptum
955 4045 971 4086 r
992 4043 1040 4086 me
1060 4032 1112 4086 aut
1129 4041 1191 4087 non
1211 4022 1355 4107 seriptum

261 4197 301 4262 tu)
318 4196 409 4249 esbus
423 4214 464 4266 ap.
476 4197 547 4264 Oris.
564 4206 613 4251 etr.
628 4183 698 4250 deis.
714 4197 736 4262 i,
753 4193 786 4248 67
805 4213 829 4264 p.
849 4196 897 4249 idi
909 4198 949 4249 ed.
963 4195 1072 4250 boma
1089 4197 1118 4250 od
1136 4199 1253 4251 noiomi
1263 4195 1354 4270 μῦθοι

191 4285 298 4353 respuet
310 4275 500 4353 smannens·
516 4283 560 4335 snt
577 4283 681 4352 Λιμῷ
697 4283 743 4333 και
762 4283 860 4334 Μίνωι
877 4285 961 4336 θείαν
981 4279 1096 4355 σπορὰν
1117 4285 1275 4356 νείμαντες,
1294 4273 1356 4352 [οἷς]

191 4363 255 4422 οὐδ’
268 4361 365 4426 αὐτοῖς
381 4363 598 4439 ἱπισιιύσιιμιν,
614 4363 692 4440 ὅμως
702 4363 853 4427 ἐπέδειξαν
864 4361 956 4422 «daie
971 4367 1029 4434 [aon
1041 4365 1155 4436 doemair]
1168 4367 1237 4443 ipro
1247 4361 1357 4439 μεγάλα

190 4453 236 4507 resi
248 4445 401 4522 θαυμαστὰ
412 4447 523 4518 ἀληθῶς
535 4469 562 4508 rs
575 4449 646 4527 ὑπὲρ
657 4445 824 4525 teon-nov,
836 4452 882 4506 ινα
892 4449 933 4524 μὴ
944 4447 1086 4510 dntdnvoe
1097 4453 1214 4508 tossen
