3106 4958
183 677 348 743 schedelius
361 682 369 720 ¹
381 677 427 752 ⁰),
443 673 511 736 iiiud
527 683 623 736 tamen
638 685 730 750 rorte,
745 677 824 758 quod
840 673 960 747 Manilii,
976 672 1061 737 Plinii
1077 672 1260 754 aliorumque
1275 671 1347 736 eita-

183 782 311 844 tionibus
333 779 457 840 Woidns
477 776 576 840 doceri
596 777 648 852 ait,
672 779 897 860 haudquaquam
917 797 953 839 or
980 775 1015 838 iis
1041 776 1117 838 citici
1145 775 1347 838 consentiunt:
1397 799 1399 806 ¹

181 881 373 964 quamohrem
391 873 525 961 pinra'de
539 880 585 942 his
601 899 681 943 nune
696 881 751 944 diei
772 881 842 943 nihii
857 879 969 942 attinet.
1001 879 1129 960 lioperus
1144 888 1241 941 antem
1253 883 1261 921 ¹
1275 882 1303 954 ¹)
1318 877 1347 941 id

180 985 254 1048 adero
269 985 472 1045 demonstrare
487 993 609 1044 euitatus
624 991 677 1058 est,
692 984 801 1045 nudam
817 982 900 1045 aliam
917 991 1031 1064 praeter
1044 982 1121 1044 haue
1135 989 1268 1043 nostram
1284 997 1349 1041 ear·

182 1085 270 1147 minis
293 1086 419 1148 termam
441 1103 478 1146 ne
497 1092 564 1146 ante
584 1084 725 1147 heiiorum
747 1085 933 1148 Persicorum
954 1085 1071 1166 quidem
1092 1095 1226 1166 tempora
1248 1082 1349 1155 inisse,

181 1188 261 1269 quod
277 1207 343 1266 ego,
359 1187 424 1249 iicet
439 1187 544 1248 salsum
560 1186 655 1248 dimne
671 1187 895 1269 haudquaquam
911 1189 1044 1261 audeam,
1059 1196 1157 1249 tamen
1169 1185 1349 1268 argumentis

179 1289 215 1352 ah
238 1290 287 1351 iiio
307 1288 430 1370 proiatis
450 1287 569 1370 peohari
596 1307 686 1370 posse
706 1308 791 1371 nego.
835 1291 926 1352 ddert
945 1289 1024 1352 enim
1044 1289 1156 1370 aliquot
1175 1286 1351 1362 Archimedi,

150 1407 166 1458 9
183 1394 347 1457 Simonidis
363 1393 523 1474 utriusque,
538 1391 642 1466 dionei,
658 1391 827 1465 Stesichori,
842 1391 1032 1472 Theognidis.
1048 1391 1180 1466 Pindari,
1196 1391 1349 1454 Timocre-

183 1497 264 1560 ontis
280 1497 374 1573 locos,
401 1496 507 1578 quihus
533 1496 734 1559 demonstrare
750 1495 822 1568 uuit,
848 1493 885 1557 ab
911 1495 965 1558 iilis
984 1497 1041 1558 iam
1062 1496 1163 1557 eadem
1185 1493 1213 1556 io
1230 1493 1349 1557 Hesiodi

182 1600 312 1663 carmine
324 1599 398 1662 lecta
414 1618 489 1672 esse,
503 1619 576 1680 quae
591 1600 735 1681 hodieque
751 1619 766 1662 a
784 1599 871 1662 nitido
892 1597 1035 1680 leguntur.
1080 1597 1183 1678 Atqui,
1202 1617 1239 1661 ue
1254 1598 1349 1661 dicem

181 1723 248 1764 esse
275 1701 305 1764 iu
332 1701 379 1764 his
398 1720 491 1765 urreuu
514 1711 601 1782 atque
620 1704 742 1766 aiterum
763 1702 860 1784 pauiio
886 1701 1020 1782 cupidius
1045 1708 1248 1782 ausoniorum,
1275 1701 1351 1762 uelut

182 1825 274 1886 quum
295 1805 509 1878 Tirnooroonti‚
530 1825 646 1870 cometen
668 1807 841 1870 invectivum
864 1805 893 1868 in
914 1804 1143 1868 Themistoclem
1164 1823 1208 1867 stc
1227 1822 1348 1866 exorso:

117 1987 119 1992 Δ
181 1899 242 1969 m’ae
268 1896 335 1988 ἄρα
367 1901 559 1989 Τιμοκρέων
582 1905 703 1988 μοῦνος
729 1899 767 1984 ὃς
795 1903 971 1992 Μήδοισιν
997 1898 1206 1986 ὁρκιατομεῖ,
1233 1906 1350 1970 initium

181 2010 312 2090 Operum
329 2009 517 2071 obuersatum
534 2029 601 2072 esse
616 2011 684 2082 rud,
704 2001 763 2072 oda
786 1999 851 2090 ἄρα
871 2006 991 2089 μοῦνον
1013 2001 1069 2094 i'pa
1081 1999 1222 2091 'Epidius
1244 2003 1350 2092 ya‘aog:

181 2111 297 2174 etiarnsi
312 2111 457 2192 quieuere
472 2123 573 2193 qtoetm
589 2112 654 2174 ilios
667 2111 828 2174 iiesiodum
846 2111 1010 2194 respexisse
1025 2109 1173 2183 concedat,
1188 2110 1259 2173 nihii
1272 2111 1348 2174 aliud

183 2224 280 2276 tarraco
301 2213 370 2276 hine
390 2215 546 2288 efficietur,
567 2234 653 2296 quam
674 2216 758 2278 iocos
779 2215 942 2278 liesiodeos
962 2213 1131 2294 complures
1151 2212 1237 2276 etiam
1256 2213 1293 2276 ab
1312 2214 1348 2277 iis
1387 2221 1391 2230 '

183 2315 276 2377 lectos
292 2335 372 2388 esso,
393 2326 486 2379 totum
507 2328 604 2379 autern
625 2335 742 2379 momen
762 2318 818 2380 hac
838 2319 930 2380 torma
951 2327 979 2378 et
999 2316 1187 2390 becumine,
1206 2316 1255 2396 qni
1271 2333 1350 2379 nune

184 2428 245 2489 est,
270 2417 470 2499 compositum
497 2419 554 2480 iam
581 2429 643 2480 tum
671 2419 763 2482 fuisse
789 2419 817 2481 iu
837 2438 907 2481 uero
933 2439 992 2481 non
1017 2419 1160 2498 consequi
1186 2419 1347 2480 fatebimur.

183 2519 283 2599 itaque
302 2519 393 2581 sotius
413 2528 474 2580 erat
494 2519 563 2580 iliud
584 2519 694 2592 eiicere,
715 2521 793 2600 quud
815 2518 938 2582 ohtiueri
968 2529 1078 2600 potest,
1103 2517 1222 2582 nullutn
1235 2530 1347 2583 certum

183 2619 324 2682 iodicium
344 2641 411 2682 ease
437 2620 574 2682 eae-minis
594 2621 677 2684 aiiter
699 2641 787 2702 qnam
810 2641 888 2684 uerene
907 2621 1092 2684 conformati.
1141 2621 1243 2701 Neque
1267 2619 1347 2684 enirn

123 2708 124 2711 ¹
183 2720 319 2783 audiendi
336 2730 431 2790 erunt,
446 2724 495 2800 qui
511 2721 571 2782 tieri
588 2721 719 2800 potuisse
734 2733 854 2800 negant,
874 2730 905 2784 ut
920 2741 997 2803 opus
1017 2731 1075 2784 tam
1092 2722 1302 2786 inconcinnum
1319 2731 1347 2785 et

182 2824 256 2884 maie
274 2822 473 2901 compositum
494 2840 550 2908 pro
571 2821 714 2884 iiesiodeo
740 2833 839 2885 humen
859 2843 875 2885 a
895 2823 1040 2886 ueteribus
1060 2825 1230 2898 haberetur,
1255 2843 1347 2906 quum

183 2925 355 3006 piraesertim
378 2922 522 3004 hodieque
542 2923 700 2985 uoonuiios
716 2924 791 2986 hane
815 2923 1074 2988 inconcinnitatem
1095 2935 1226 2990 autnon
1253 2945 1346 3007 agno·

182 3046 265 3088 scere
279 3034 331 3086 aut
344 3045 483 3088 excusare
498 3025 656 3088 rideamus.
688 3026 822 3088 Ceterum
839 3045 913 3106 quae
928 3027 957 3088 io
973 3026 1088 3091 taudem
1104 3027 1223 3091 ileeiodi
1239 3037 1347 3090 avete-

185 3127 268 3190 rihus
279 3125 385 3190 critiris
396 3127 542 3196 diruatur,
554 3127 701 3207 pertinent
716 3129 774 3190 iore
786 3137 837 3190 ant
847 3127 882 3190 ad
890 3127 1039 3192 utilitatem
1057 3141 1279 3212 praeceptorum
1296 3141 1346 3193 aut

181 3229 218 3290 ad
238 3245 332 3308 genua
352 3227 466 3291 dieeudi
487 3229 647 3303 teredinem,
674 3248 733 3310 quo
753 3249 820 3293 eum
840 3230 1153 3312 pacatianorum),
1179 3235 1346 3298 uniuersam

181 3341 278 3393 autem
295 3349 418 3410 operum
434 3333 698 3395 conformationem
713 3341 870 3415 aptamque
888 3333 1015 3415 partium
1031 3337 1278 3419 compositionem
1295 3335 1345 3418 qui

181 3433 352 3504 inuitauerit,
366 3433 499 3514 equidem
515 3435 582 3497 nori
599 3435 754 3498 neminem.
1033 3517 1034 3520 Ἴ

266 3535 396 3598 Oretuioo
419 3545 514 3598 autem
539 3537 658 3599 iiosiodi
681 3537 859 3602 carminibus
882 3540 1042 3606 admodum
1065 3543 1209 3608 diversam
1233 3553 1344 3608 sortem

182 3655 268 3719 quam
286 3636 449 3701 iiomcriris
464 3639 621 3718 coertigisse
636 3638 778 3702 ridemus.
824 3641 902 3705 iiaee
919 3643 998 3706 enirn
1013 3655 1059 3708 sat
1073 3657 1187 3711 mature
1202 3646 1344 3710 excelien-

251 3885 291 3944 to)
309 3883 335 3938 iu
349 3885 458 3952 iiesiodi,
472 3885 569 3938 Eumeii
581 3893 629 3937 ete.
642 3885 797 3952 Fragmentt.
809 3905 833 3956 p.
846 3887 896 3940 20²
909 3905 964 3959 sqq.

252 3969 291 4032 11)
310 3969 335 4022 io
349 3987 434 4038 progr.
447 3988 522 4039 rupea
536 3971 600 4023 taut.
613 3987 637 4038 p.
651 3972 754 4024 u-tu.

251 4053 290 4112 tu
309 4055 413 4122 Quintil.
427 4055 486 4108 iost
499 4073 537 4108 oe.
550 4055 584 4118 Χ,
600 4056 621 4120 i,
634 4057 679 4109 52:
692 4057 777 4120 „uara
794 4060 907 4126 assurgit
920 4060 1055 4127 iiosiodur,
1069 4075 1205 4130 meaeque
1217 4077 1277 4131 para
1289 4064 1344 4116 eius

183 4146 223 4188 est
235 4137 259 4188 ia
269 4141 406 4192 nominibus
418 4151 551 4209 oeeupataa
565 4149 646 4194 moneo
657 4143 733 4196 otides
745 4145 811 4196 eim
821 4157 955 4216 praecepta
969 4147 1118 4211 screteutiou¹
1133 4149 1274 4216 levitasque
1284 4163 1344 4201 rer·

184 4220 269 4273 boru-
278 4231 304 4274 οι
313 4227 498 4290 conpositionis
511 4227 660 4293 probabilior
672 4229 794 4306 deturque
804 4231 828 4282 ei
838 4232 917 4299 palma
928 4235 952 4285 in
966 4233 1010 4286 iiio
1020 4234 1102 4286 inedie
1114 4249 1208 4300 genero
1217 4234 1345 4287 dicendi.“

183 4307 390 4376 compatriote-u
406 4311 467 4362 dieit
483 4329 530 4364 eoa
548 4315 656 4381 partiuru
673 4315 805 4378 carminis,
828 4319 872 4370 ssd
890 4319 1033 4372 reema-un.
1064 4319 1102 4372 Cf.
1121 4319 1224 4389 Dionys.
1243 4334 1345 4372 censue.

186 4401 245 4446 cett.
257 4410 280 4446 e.
293 4395 320 4447 da
340 4387 475 4456 ‘notorior
486 4395 540 4467 pta
549 4397 605 4470 γὰρ
616 4394 784 4472 ἐφρόντισεν
797 4397 907 4470 ἡδονῆς,
919 4407 965 4459 aad
979 4399 1129 4479 ὀνομάτων
1140 4401 1282 4474 deterritos
1293 4405 1341 4457 neri

184 4481 340 4540 reametur
354 4479 500 4554 Ιμμελοῦς.
