3078 4954
754 433 878 536 dh..-

195 623 252 684 lius
266 619 410 689 arbitror,
433 619 567 700 Aeschyli
583 627 780 700 spectatores,
808 637 899 700 quum
918 637 1024 696 mam,
1048 631 1076 684 et
1096 623 1224 687 mediam
1239 624 1358 706 quidem

196 721 327 802 trilogiae
341 721 468 784 lohulom
483 730 662 803 spectarent,
682 723 754 786 satis
769 723 930 803 prudentes
947 722 1050 799 luisse,
1065 732 1098 786 ut
1112 743 1200 806 quem
1216 726 1253 789 nd
1268 727 1358 788 linem

195 822 293 886 omnis
309 841 358 886 res
374 822 506 885 tenderet
521 825 733 904 expectandum
758 834 930 906 partemque
949 844 984 888 cs
1005 833 1069 887 toto
1088 825 1273 890 iudicandam
1293 847 1359 890 esso

194 925 427 1002 recordarentur,
443 925 616 1008 praesertim
631 925 812 1007 praeponatis
824 925 881 988 ium
893 927 989 1008 prima
1000 927 1094 991 lahula
1105 927 1221 1004 animis,
1232 929 1260 992 id
1269 930 1360 1012 quod,
1401 957 1402 960 ¹

193 1027 310 1090 etiamsi
326 1029 433 1090 hictum
449 1047 515 1091 osse
529 1027 560 1091 in
576 1028 631 1090 hac
641 1027 754 1107 trilogia
768 1028 964 1092 demonstrari
979 1032 1097 1112 nequit,
1112 1031 1246 1115 potuisse
1262 1041 1361 1095 tamen
1386 1071 1388 1078 ·

195 1132 257 1194 tieri
284 1139 418 1212 apparet.
459 1133 558 1212 ltaque
584 1129 650 1204 ista,
673 1149 762 1212 quarn
788 1131 976 1196 llermannus
1002 1133 1104 1211 atttdit,
1130 1153 1218 1198 causo
1244 1135 1362 1198 obstare

195 1234 341 1316 Aeschylo
365 1253 427 1297 non
453 1234 563 1316 potuit,
590 1233 750 1316 quominus
777 1234 853 1297 lrnnc
877 1235 996 1316 quidem
1024 1245 1138 1318 purtem
1167 1237 1298 1320 trilogiae
1324 1237 1362 1302 ita

197 1347 402 1420 componeret,
419 1347 460 1409 ut,
476 1339 502 1400 si
517 1338 584 1419 quis
599 1357 664 1402 eam
680 1338 774 1402 solam
790 1337 962 1414 intueretur,
978 1356 1039 1402 non
1049 1349 1152 1422 posset
1166 1359 1227 1403 nou
1244 1359 1362 1404 metum

196 1441 296 1504 lovem
311 1449 341 1505 et
360 1439 577 1523 importunum,
603 1441 812 1505 Prometheum
839 1450 936 1505 nutem
958 1451 1081 1526 propter
1101 1445 1215 1526 egregia
1235 1443 1363 1507 locinora

126 1535 132 1548 ’
197 1545 309 1609 iniusto
324 1545 469 1626 supplicio
484 1547 620 1609 allectum
636 1545 764 1610 credere.
808 1544 925 1608 Sciebat
939 1546 1019 1608 enim
1040 1566 1075 1610 eo
1095 1547 1188 1628 magis
1208 1565 1313 1611 omnes
1334 1548 1364 1610 in

198 1650 309 1714 exitum
325 1648 454 1712 intentos
476 1649 552 1726 lore,
572 1668 632 1729 quo
647 1667 735 1713 suum
752 1647 868 1730 utrique
882 1649 979 1712 locum
996 1650 1162 1713 restitutum
1178 1649 1214 1713 iri
1228 1660 1364 1732 expecta·
1474 1709 1475 1712 ,

199 1763 275 1828 rent,
285 1763 427 1833 tantoque
441 1751 527 1814 ultius
544 1751 692 1815 cenicum
708 1753 739 1815 iu
754 1759 871 1814 mentes
886 1771 989 1814 oomni
1006 1761 1237 1834 penetraturum,
1254 1760 1364 1834 quanto

200 1857 328 1940 propius
342 1873 474 1918 errorem
497 1853 553 1935 ipsi
569 1854 703 1916 luissent.
748 1853 825 1917 llinc
839 1864 960 1936 apponet
973 1855 1070 1928 etiam,
1086 1855 1167 1936 quod
1184 1874 1274 1937 porro
1291 1856 1365 1918 ller-

203 1977 332 2022 manuus
347 1976 385 2020 et
400 1955 456 2032 his,
472 1975 545 2036 quae
560 1955 624 2036 ipse
637 1952 747 2036 posuit,
762 1956 950 2018 rrtnnilostum
967 1955 1028 2018 lieri
1045 1964 1188 2030 autumet,
1207 1956 1366 2020 hodiernae

203 2081 251 2124 mc
269 2071 321 2124 aut
331 2058 506 2124 christianos
522 2057 558 2120 do
572 2057 702 2120 honitntc
716 2067 745 2119 ct
759 2058 900 2140 pruritute
915 2077 1034 2122 morum
1050 2059 1206 2140 opiniones
1221 2059 1366 2140 Aeschylo

204 2163 417 2245 supposuisse,
445 2161 474 2223 id
495 2159 549 2224 istn
569 2159 686 2240 qtridem
708 2159 834 2234 rutioue,
860 2179 915 2242 qun
938 2180 976 2223 nc
1001 2160 1092 2224 rideri
1112 2161 1231 2243 quidem
1256 2180 1365 2242 protos

204 2265 281 2328 loris
306 2283 406 2327 mores
429 2261 601 2342 Aeschylum
629 2260 758 2324 soluisse
781 2262 901 2343 colligit,
928 2281 1111 2345 nequaquam
1138 2263 1242 2326 conlici
1267 2281 1366 2345 posse.

204 2367 339 2430 Ceterum
354 2385 408 2448 ego
423 2382 541 2447 metopon
554 2373 685 2426 vetemur
701 2363 857 2446 opiniones
872 2383 933 2426 nou
948 2365 1064 2429 aliunde
1079 2385 1166 2448 quarn
1181 2385 1216 2430 ex
1231 2367 1367 2446 ipsomm

204 2469 406 2534 utonuurentis
420 2467 644 2548 cognoscendas
659 2485 726 2530 osse
741 2467 843 2530 statui:
860 2466 1019 2549 Aeschylus
1033 2478 1130 2532 nutem
1146 2467 1215 2550 quid
1231 2468 1268 2531 de
1279 2467 1366 2531 boni·

204 2581 262 2635 tate
272 2581 322 2636 aut
337 2571 477 2652 pradtate
491 2587 610 2633 morum
626 2569 744 2646 sentiat,
766 2568 866 2631 onmia
886 2570 950 2632 eius
966 2571 1094 2633 carmina
1109 2579 1169 2634 tum
1184 2570 1295 2652 liquido
1315 2571 1367 2634 de-

204 2683 379 2748 monstrant,
392 2681 425 2736 ut
439 2672 489 2754 qui
505 2670 689 2735 mediocriter
703 2671 794 2735 modo
810 2672 939 2736 attendet
957 2671 1012 2737 lalli
1028 2673 1083 2737 hoc
1099 2673 1129 2736 in
1145 2693 1177 2737 re
1195 2693 1257 2738 non
1276 2693 1367 2755 posse
1398 2729 1401 2736 .

203 2778 343 2840 rideatur.
392 2778 485 2857 Atque
510 2774 547 2837 de
571 2773 708 2838 humanis
734 2775 853 2856 quidem
881 2774 1014 2838 moribus
1041 2775 1139 2856 ipsunt
1166 2777 1365 2840 llermennum

202 2881 261 2942 hoc
286 2878 359 2942 milri
387 2897 599 2942 concessumm
625 2897 692 2942 esse
711 2877 851 2942 orbitrnr:
880 2877 1058 2960 obloquetur
1077 2886 1175 2940 autem
1195 2879 1230 2942 dc
1250 2879 1365 2954 divinis,

203 2981 351 3063 imprimis
370 2981 406 3042 de
425 2979 475 3055 iis,
494 2999 571 3063 ques
591 2979 651 3042 lovi
669 2980 828 3061 Aeschylus
849 2979 992 3042 trihuerit.
1036 2978 1110 3042 Nom
1127 2979 1156 3040 in
1171 2998 1301 3043 errorem
1319 3000 1365 3044 rue

202 3083 355 3146 inductum
371 3100 438 3144 esse
452 3081 492 3145 ait
506 3081 582 3144 loris
593 3079 722 3156 nomine,
738 3081 821 3144 cuius
836 3098 897 3143 non
913 3080 1094 3144 distinxerim
1111 3080 1256 3162 duplicem
1268 3101 1365 3147 usum.

204 3185 376 3266 „Sigotilicat
389 3183 499 3254 enim,·‘
514 3183 615 3264 inquit,
630 3201 760 3256 „norrun
776 3183 843 3246 illud
858 3201 938 3247 nunc
953 3202 1044 3246 tenum
1060 3203 1094 3246 ex
1110 3181 1180 3259 diis,
1195 3183 1245 3263 qui
1260 3203 1366 3265 supro·
1483 3200 1487 3208 ·

171 3301 188 3356 t
207 3308 273 3352 tirus
289 3287 429 3362 liabetur,
443 3303 523 3348 trurtc
540 3287 664 3350 ommno
684 3285 811 3350 diuinam
830 3295 978 3362 naturam,
998 3295 1031 3350 ut
1049 3285 1079 3349 in
1095 3286 1324 3368 Agamemnonis
1339 3297 1368 3352 ct

203 3391 378 3474 Supplicum
397 3389 543 3463 renibus,
562 3411 578 3452 u
600 3389 706 3472 quihus
725 3410 754 3471 p.
770 3389 807 3453 21
826 3393 978 3472 proiectus
998 3389 1111 3454 ridetur
1132 3389 1366 3455 Schoemannus.

205 3495 271 3578 lpsa
293 3493 323 3556 id
350 3492 435 3564 rerhu
458 3493 581 3566 docent,
609 3487 694 3568 late
720 3484 815 3570 ὅστις
838 3485 921 3558 πότ’
948 3487 1048 3558 ἐστιν.
1092 3493 1151 3557 lllis
1177 3493 1208 3558 in
1234 3493 1367 3559 versibus

202 3595 375 3679 Aeschplus,
385 3607 419 3659 ut
433 3614 539 3660 onmes
549 3596 670 3680 ontiqtti,
683 3615 775 3679 quum
790 3595 926 3661 universe
941 3597 978 3660 de
992 3597 1048 3660 deo
1064 3597 1234 3679 loquuntur,
1248 3616 1365 3662 summu

203 3699 231 3764 id
247 3697 408 3764 reverentia
423 3699 500 3773 lacit,
516 3718 606 3782 aerpre
621 3707 654 3765 ut
675 3699 831 3764 Christiani
845 3699 1095 3784 perfectissimum
1106 3708 1135 3762 et
1145 3700 1366 3766 sanctissimum

202 3801 361 3884 omnisque
374 3801 446 3866 labis
461 3821 566 3884 expers
585 3821 696 3867 numen
710 3821 862 3868 renerum.
892 3804 979 3869 Valde
994 3802 1031 3868 ah
1046 3821 1082 3866 eo
1096 3803 1152 3866 deo
1165 3802 1300 3866 diversus
1320 3813 1367 3867 est
1485 3796 1490 3805 ’

201 3905 228 3968 is
242 3903 364 3986 iupiter,
377 3923 466 3985 quern
480 3904 569 3968 unius
583 3924 619 3968 ex
635 3905 690 3969 diis
711 3923 870 3988 pmsouam
886 3905 1080 3970 sustinentem
1103 3903 1232 3988 potentin
1247 3905 1365 3986 quidem

202 4005 414 4088 praevalidum,
438 4016 533 4069 cetera
551 4015 648 4071 autem
663 4006 777 4072 homiui
802 4007 925 4070 similem
947 4005 1053 4070 iisdem
1077 4006 1184 4088 quihus
1205 4006 1365 4072 humanum

160 4179 162 4182 ¹
203 4117 341 4170 naturam
365 4107 567 4173 affectionibus
586 4109 676 4174 animi
697 4107 859 4172 obnoxium
881 4107 1055 4190 cogitabant
1095 4110 1158 4174 llos
1178 4127 1240 4173 uon
1259 4107 1365 4172 distin·

206 4227 303 4290 guens
317 4207 540 4275 Schoemurmus
554 4211 618 4276 deri
631 4229 694 4276 non
713 4208 820 4294 potuit,
838 4210 908 4293 quin
924 4230 1056 4294 pugnare
1074 4231 1175 4277 secum
1191 4211 1366 4293 Aeschylum

205 4309 348 4382 mederet,
364 4309 413 4392 qui
429 4329 517 4393 quem
531 4313 598 4378 slihi
614 4324 648 4378 ut
660 4312 912 4396 sapientissimum
927 4324 957 4378 et
975 4315 1172 4380 iustissimum
1188 4313 1367 4398 guberuato-

204 4430 271 4477 rent
290 4411 393 4476 mundi
412 4412 603 4495 praedicaret,
629 4415 660 4480 in
678 4416 856 4482 Prometheo
875 4417 1036 4500 ingratum,
1055 4417 1212 4492 iniustum,
1234 4435 1366 4494 saevum,
