3106 4958
545 422 744 521 ..Ψ-.-

63 609 123 672 sed
141 609 298 674 bertorii¹
325 629 409 674 uoce
432 608 715 672 iniiaruuruntur.
740 629 956 692 campusque
976 611 1094 676 omnic
1114 612 1228 680 alacri

63 733 182 778 corum
204 715 358 778 clamore
378 721 563 796 personat,
583 731 609 774 r.
631 713 774 776 76-76.
819 713 852 776 ln
869 714 914 778 bio
930 716 1068 780 onmibua
1083 717 1156 780 nibil
1171 727 1226 793 eat,

63 819 142 898 quod
165 819 231 900 quis
251 827 301 882 aut
318 817 387 881 huic
407 815 531 898 tempori
552 825 601 879 ortt
616 815 734 878 Achillis
754 835 952 898 personuere
973 819 1106 883 moribus
1128 820 1227 886 minuo

63 922 240 984 conveniens
265 942 333 984 esse
358 929 470 1000 annuat.
515 919 653 999 Srqrritur
680 919 736 981 ianr
764 919 943 992 noussen-io,
969 931 1015 993 ut,
1041 923 1111 1003 quid
1131 923 1226 989 beria

62 1022 198 1087 Patroclo
213 1024 243 1087 in
260 1025 308 1086 uti
323 1041 421 1086 nuum
439 1029 516 1084 statu
533 1021 612 1096 uelit,
629 1021 790 1102 eloquatur.
826 1023 1007 1098 Qtrumris,
1023 1023 1126 1106 inquit,
1140 1027 1227 1090 baec

62 1125 109 1189 ita
129 1125 202 1189 sint
222 1116 320 1204 (otto
342 1120 398 1187 καὶ
422 1109 493 1204 ὦς),
519 1122 669 1187 naribus
694 1124 833 1206 quidem
860 1124 1054 1206 periculum
1078 1129 1226 1204 sortiter

63 1229 229 1303 eiciendo,
249 1247 294 1290 ne
310 1227 365 1291 bis
380 1227 541 1290 incensis
557 1225 675 1290 reditu
689 1226 880 1307 aliquando
897 1227 930 1291 iu
947 1229 1095 1309 patriam
1111 1234 1226 1298 exclu-

63 1330 277 1408 ciamur3oed
294 1339 506 1394 cunctamen
527 1331 665 1412 neptus
682 1330 909 1411 iacirsuuam
932 1331 995 1394 tibi
1013 1334 1153 1397 arando:
1167 1335 1227 1398 ubi

63 1433 103 1497 ile
129 1434 279 1498 naribus
306 1437 429 1498 hoster
456 1433 647 1515 repuleris,
678 1434 830 1496 ulterius
857 1435 1024 1516 persequi
1054 1438 1142 1513 noli,
1167 1439 1227 1502 seri

63 1557 172 1618 porro
203 1538 373 1603 dimicare
403 1557 435 1600 ur
467 1558 590 1619 carrrpo
621 1558 696 1600 oum
727 1537 872 1601 Graecia
902 1538 1014 1614 ainau,
1043 1560 1069 1602 r.
1091 1540 1228 1604 80-96.

62 1641 246 1704 Manifestum
273 1651 318 1704 est
344 1650 457 1714 nutem,
484 1640 553 1703 illuri
580 1631 665 1703 ἀλλὰ
688 1633 744 1702 καὶ
766 1626 850 1716 «igr.
867 1643 908 1703 86
935 1659 995 1704 non
1021 1643 1167 1724 pertinere
1192 1645 1227 1707 ari
1254 1719 1258 1727 Ι

63 1744 160 1807 scium
177 1745 344 1827 proximum
361 1743 541 1817 membrum,
557 1739 636 1806 νεῶν
651 1733 722 1806 ἀπὸ
736 1737 849 1824 λοιγὸν
863 1734 994 1824 oiptr‘rror
1009 1735 1130 1824 iirrreo'
1151 1741 1229 1811 ἐπι-

63 1839 222 1928 κρατέως,
249 1847 300 1908 aed
322 1845 421 1927 potius
446 1845 482 1907 ad
502 1843 672 1908 unireranm
694 1844 811 1907 bebiiiis
832 1856 1032 1928 praeceptum,
1053 1849 1136 1910 cuius
1156 1849 1230 1912 duae

64 1956 134 2009 aunt
149 1955 260 2028 portes,
280 1945 383 2018 abero,
403 1965 458 2026 uua
479 1945 612 2008 concredit
627 1955 769 2026 quantum
790 1947 906 2008 obicere
921 1947 1056 2010 Patroclo
1071 1950 1230 2029 permittat,

65 2049 162 2123 altera,
177 2069 234 2131 qua
250 2049 408 2120 interdicit,
426 2067 463 2110 ue
477 2049 543 2129 prius
560 2049 653 2109 iacere
669 2047 747 2110 vetit:
768 2055 855 2127 atque
870 2047 943 2111 haec
957 2051 1043 2112 altera
1060 2069 1129 2131 paro
1144 2070 1229 2132 prae·

64 2151 152 2232 cipuo
178 2152 307 2232 quodam
334 2149 425 2212 niodo
452 2148 625 2220 inculcatur,
653 2157 685 2210 ut
710 2147 739 2209 in
766 2167 822 2229 qua
848 2167 914 2211 rere
940 2149 979 2210 ait
996 2145 1116 2229 μύθων
1136 2145 1229 2228 τέλος
1247 2170 1279 2223 ru

64 2259 102 2333 (r.
124 2253 374 2333 nonsummum
405 2251 557 2314 sententia.
608 2251 708 2312 i'otrrit
727 2268 798 2312 anne
822 2250 880 2312 hoc
898 2249 985 2312 etium
1005 2252 1134 2332 apertius
1159 2253 1231 2326 beri,

63 2354 173 2417 inserta
191 2354 281 2435 priori
298 2354 432 2415 membro
448 2352 589 2434 porticula
601 2351 782 2424 concessiva,
799 2347 878 2414 νεῶν
890 2347 959 2430 μὲν
972 2348 1086 2435 λοιγὸν
1101 2346 1233 2432 tr'prr‘rron

64 2448 185 2536 i'prrr'eo'
200 2447 418 2539 ἕπικρατὲωςε
442 2472 536 2534 neque
552 2465 648 2516 tamen
666 2453 692 2514 id
709 2472 829 2515 necesse
845 2453 908 2526 tuit,
924 2472 1015 2533 quum
1030 2455 1094 2536 ipsa
1110 2465 1229 2518 senten-

67 2559 172 2621 tiarum
200 2557 352 2638 oppositio
372 2575 425 2636 por
443 2577 476 2618 cc
495 2556 566 2619 sotis
591 2565 690 2636 aputu
712 2555 758 2617 sit.
774 2589 815 2601 -
836 2553 885 2616 Sic
904 2553 992 2635 igitur
1015 2556 1052 2618 ab
1072 2559 1231 2639 interpola·

66 2659 155 2722 tionis
175 2659 343 2741 suspicione
362 2658 441 2720 bum
459 2659 556 2719 lorum
573 2657 645 2720 satia
660 2656 836 2719 uindicatum
853 2656 993 2730 arbitror,
1013 2667 1046 2721 ut
1060 2658 1117 2722 iam
1133 2658 1231 2741 paubo

66 2761 263 2823 continentius
279 2770 408 2841 repetere
421 2759 544 2841 pussiru,
559 2776 619 2822 nun
634 2757 739 2833 videri,
759 2757 809 2838 qui
824 2759 901 2821 banc
915 2768 1027 2840 partem
1043 2761 1138 2824 iliadis
1154 2761 1230 2835 iecit,

66 2863 172 2926 librum
189 2863 226 2924 IX
242 2862 278 2924 tie
295 2863 423 2938 Λιταῖς
437 2863 587 2942 cognitum
607 2859 755 2923 babuisse.
789 2859 865 2922 Nam
880 2862 960 2942 quod
976 2861 1093 2926 obiiciat
1106 2865 1232 2927 fortusse

67 2966 186 3049 aliquio,
208 2965 237 3028 in
254 2964 348 3028 uerbis
370 2965 416 3028 bis
438 2983 511 3046 rpuae
531 2973 601 3028 sunt
620 2981 646 3024 r.
663 2963 718 3036 61,
737 2953 813 3047 ἤτοι
834 2953 917 3049 ἔφην
938 2983 973 3046 pa
989 2957 1027 3028 οὗ
1044 2959 1124 3050 πρὶν
1136 2987 1232 3052 μηνι-

67 3065 158 3150 θμὸν
172 3061 437 3148 καταπαῦσεμεν,
461 3058 530 3131 ἀλλ’
546 3057 646 3130 ὁπότ’
666 3053 706 3128 ἂν
722 3060 762 3150 dr}
785 3060 862 3151 νῆας
876 3060 960 3148 ἐμὰς
974 3059 1135 3155 ἀφίκηται
1152 3059 1234 3153 ἅιτή

66 3191 102 3235 τε
125 3163 291 3251 πτόλεμός
311 3191 356 3247 τε,
379 3170 486 3252 respici
503 3180 598 3233 tauma
614 3169 820 3232 manifestum
837 3169 885 3243 ix,
901 3171 973 3240 uro,
990 3171 1038 3234 ubi
1054 3170 1149 3234 simite
1164 3169 1233 3252 quiri

67 3273 191 3337 bebillee
213 3273 380 3354 prorutum
400 3273 458 3335 boc
478 3271 558 3334 inuio
578 3271 712 3352 redargui
732 3278 831 3353 potest
849 3271 1004 3334 notissima
1021 3272 1235 3345 obseruatione,

67 3379 147 3459 quoti
173 3369 279 3461 prium
306 3393 519 3456 saepenumero
546 3373 632 3438 etiam
653 3373 689 3436 de
715 3374 799 3437 tacita
827 3375 1003 3456 cogitatione
1028 3375 1084 3438 diei
1111 3385 1235 3446 constat.

66 3487 170 3560 estque
183 3479 242 3541 boe
253 3476 319 3560 ipso
334 3477 400 3541 loeo
412 3477 456 3540 sie
470 3477 507 3540 ab
520 3476 689 3539 Aristarcho
702 3487 864 3559 inceptum.
890 3478 932 3540 Ao
948 3481 1045 3559 posuit
1059 3479 1145 3542 etiam
1161 3499 1234 3544 oon·

68 3590 111 3644 tra
123 3579 232 3662 tpuoeri,
248 3597 301 3642 cur
313 3580 430 3643 tandem
447 3579 627 3661 probabilius
640 3578 688 3650 ait,
704 3577 769 3641 libri
782 3578 845 3642 xv!
858 3589 963 3662 poetae
975 3581 1054 3644 iilum
1066 3579 1174 3645 librum
1187 3581 1236 3655 lX,

66 3701 154 3764 ‹puam
169 3681 235 3745 libri
249 3681 288 3744 lx
304 3692 407 3764 poetae
422 3682 501 3745 laune
515 3680 578 3743 XVI
594 3688 661 3742 ante
677 3679 779 3742 oculor
796 3680 896 3744 fuisse.

152 3785 211 3848 Sed
230 3783 370 3867 quoniam
398 3781 461 3846 iibri
490 3783 561 3846 noni
590 3781 770 3844 mentionem
798 3782 866 3856 ieci,
892 3793 1007 3866 tangam
1028 3785 1127 3848 atatim
1148 3785 1234 3848 etiam

67 3887 151 3953 aliam
172 3888 320 3970 cruendam
339 3884 535 3951 offensionem
556 3885 593 3948 ab
608 3886 662 3948 hac
682 3884 856 3965 quaestione
875 3904 935 3947 uon
951 3887 1084 3951 alienam.
1113 3887 1189 3951 Nam
1205 3887 1236 3952 in

67 3991 191 4055 concilio
204 3989 382 4073 principum,
395 4009 471 4072 uuor
479 3991 683 4072 Agamemnon
695 3986 874 4061 convocarit,
886 3987 991 4051 abesae
1001 3998 1120 4072 praeter
1130 4011 1238 4074 expec-

24 4093 28 4099 ’
67 4093 207 4158 tationem
222 4093 309 4158 etiarn
326 4094 504 4158 Phoenicem
516 4093 659 4165 ribertus,
674 4089 825 4153 bominem
841 4084 938 4155 abinoe
951 4093 1037 4176 plane
1048 4093 1136 4157 nobis
1151 4093 1237 4177 igno·

68 4209 144 4272 tum,
169 4205 202 4261 ut
216 4196 300 4260 cuius
327 4197 357 4260 in
380 4197 584 4280 auperiuribua
605 4193 687 4258 tibris
713 4193 790 4256 auita
810 4213 936 4277 uuquam
962 4195 1075 4260 mentio
1096 4197 1169 4262 taeta
1191 4197 1240 4262 sit

68 4301 183 4379 Quodsi
197 4299 376 4384 quaerimur,
397 4300 463 4383 quia
477 4299 516 4364 eit
531 4299 576 4362 ibe
591 4295 737 4370 Phoenix,
758 4295 822 4378 ipae
837 4297 923 4361 nobis
939 4300 1036 4380 peribo
1051 4310 1122 4383 post
1135 4301 1239 4385 aperit,

67 4403 237 4488 Amyntoris
263 4423 296 4467 ae
321 4401 412 4467 biium
439 4423 519 4479 erae,
544 4399 636 4484 patria
656 4409 816 4474 extorrem,
846 4400 985 4478 aPeleo,
1010 4403 1129 4468 bebibir
1147 4412 1241 4488 patre,
