3092 4964
667 553 678 558 ..
710 458 770 523 οι

155 658 373 731 exaequaretur,
386 668 478 732 eaque
491 647 685 732 transpositio
701 657 781 711 tanto
796 647 895 710 minus
907 644 1107 728 improbabilis
1121 643 1212 709 rideri
1224 645 1317 718 debet.

156 753 235 834 quod
251 752 281 816 in
297 753 398 817 codice
413 753 500 818 Farn.
516 752 655 836 particula
671 760 741 834 pest
753 743 971 833 χρυσόπαστα
985 749 1073 832 plane
1083 769 1145 812 nou
1156 761 1315 832 coaeparet

155 854 251 919 Porro
278 856 394 921 codices
426 857 536 920 babent
560 848 808 938 παλιντρόποις
830 843 959 936 όμμασι
980 843 1123 931 λιποῦά,
1146 873 1221 936 quae
1245 853 1314 917 item
1330 862 1361 915 tt

156 961 361 1042 responsionis
376 980 462 1026 causa
477 961 698 1045 transponenda
713 960 831 1024 luemnt
842 963 849 1002 ¹
861 961 902 1036 θ).
932 956 1062 1022 Eandem
1077 954 1116 1019 eb
1128 977 1246 1022 musam
1261 976 1315 1039 pro

156 1056 236 1128 όσια
254 1063 359 1148 scripsi
380 1059 578 1151 όσιότροπα,
598 1063 772 1128 uocabulum
792 1063 859 1127 licet
873 1062 942 1126 elias
963 1063 1089 1126 tortasse
1114 1080 1176 1126 nen
1201 1061 1316 1138 lectum,

156 1177 233 1232 recte
250 1178 346 1234 tanuen
363 1173 530 1244 scrutatum.
546 1179 580 1234 ut
594 1161 835 1253 ὁμοιότροπος,
857 1161 1074 1252 κακότροπος,
1097 1156 1317 1252 αἰολότροιιος

156 1283 186 1336 et
201 1272 322 1338 similia:
338 1293 425 1356 quarn
443 1274 523 1340 lacile
538 1283 635 1340 autem
650 1274 725 1338 dunc
739 1273 865 1357 syllabae
878 1283 1046 1357 postremae
1056 1285 1179 1356 propter
1191 1287 1316 1352 supuens

157 1395 244 1459 προς
256 1411 299 1424 -
313 1379 446 1442 excidere
459 1381 619 1461 potuerint,
634 1379 664 1442 in
679 1387 782 1463 aperto
793 1388 847 1442 est
877 1377 1007 1460 lienique
1026 1375 1105 1460 quod
1121 1375 1152 1438 in
1168 1373 1315 1438 codicibus

156 1479 260 1560 legitur
272 1482 334 1544 reti
347 1491 419 1564 post
433 1474 599 1565 προσέβα,
619 1481 773 1545 artictrlum
792 1480 854 1545 buc
870 1499 904 1544 ex
925 1490 1068 1563 sequente
1087 1497 1173 1541 uersu
1199 1477 1315 1540 venisse

106 1567 108 1572 ’
157 1581 345 1647 llermannus
370 1592 486 1660 censet,
512 1603 603 1667 quum
629 1603 720 1668 supra
745 1584 873 1668 scriptus
892 1593 970 1648 esset
989 1582 1025 1647 ad
1045 1576 1207 1646 πλούτους
1230 1580 1314 1662 idque

157 1685 234 1749 lesud
250 1686 337 1750 dubie
351 1705 452 1752 uerum
469 1697 525 1752 est

242 1788 275 1851 ln
290 1791 456 1872 anapaestis
471 1790 555 1855 ebori
572 1793 825 1873 Agamemnonem
845 1791 1044 1855 aduenientem
1061 1787 1214 1853 salutantis
1239 1785 1315 1870 qued

156 1890 261 1972 legitur
288 1910 315 1954 e.
347 1892 422 1968 769,
450 1886 582 1978 θάρσος
607 1887 759 1959 ἑκούσιον
787 1885 929 1976 ἀνδράσι
953 1886 1137 1976 θνήσκουσι
1166 1883 1316 1974 κομίζων,

157 1993 345 2080 dermannus
365 1994 583 2077 interpretando
603 1997 678 2060 tueri
697 2006 820 2061 mustus
838 2004 896 2059 est:
915 1995 1024 2058 dietum
1044 1995 1123 2058 enim
1138 2013 1204 2058 esse
1219 1993 1317 2056 acerbe

157 2096 193 2158 de
208 2097 357 2160 mortifera
372 2098 568 2180 expeditione,
584 2099 696 2163 rexisse
709 2100 958 2181 Agamemnonem
975 2098 1027 2176 (ad
1042 2098 1179 2175 Troiam)
1195 2105 1317 2179 sponta-

156 2215 244 2261 neam
259 2198 408 2264 audaciam
424 2201 501 2264 mori
517 2201 681 2264 volentibus
697 2201 777 2264 uiris.
806 2202 868 2281 Ege
880 2199 952 2263 mihi
963 2202 1035 2264 baec
1046 2219 1107 2262 non
1119 2200 1220 2264 minus
1230 2217 1315 2280 quam

157 2319 259 2381 graeca
275 2301 402 2366 obscura
416 2323 484 2367 esse
498 2305 605 2378 lateus,
621 2322 712 2385 quum
727 2321 822 2386 neque
836 2303 885 2384 qtri
902 2302 962 2366 sint
977 2303 1015 2366 illi
1030 2303 1107 2366 meri
1122 2302 1252 2364 solentes
1266 2300 1316 2363 riri

157 2401 322 2484 intelligam,
337 2404 445 2486 quibus
456 2405 638 2486 Agamemno
655 2413 848 2488 spontaneam
863 2403 1013 2469 audaciam
1028 2405 1065 2468 ad
1075 2403 1318 2476 Troiamrexerit,
1393 2473 1394 2476 Ἴ

157 2522 252 2586 neque
272 2507 439 2570 uolentes
458 2507 548 2572 neeri
567 2517 724 2591 prepterea
745 2508 801 2571 iam
818 2507 1019 2572 esurientes
1034 2507 1089 2572 dici
1105 2508 1240 2590 potuisse
1255 2527 1316 2572 cre·

158 2607 235 2672 darn.
265 2609 423 2674 Verissime
438 2611 485 2675 alii
501 2613 695 2676 emendarunt
716 2606 847 2694 θράσος
866 2601 1044 2676 άιιοάσιονι
1065 2622 1094 2673 et
1107 2604 1240 2694 θράσος
1253 2609 1317 2694 qui·

68 2701 71 2708 ’
157 2712 328 2778 demetiam
344 2713 373 2777 in
389 2714 454 2778 cod.
470 2715 549 2780 Flor.
565 2715 707 2799 scripturn
722 2727 781 2792 νοις
796 2715 975 2798 mliqtremnt
989 2725 1086 2780 autem
1102 2714 1234 2800 ineptum
1249 2714 1316 2779 illud

156 2810 354 2904 θνήσκουσι,
377 2818 543 2902 pariterque
557 2820 594 2884 de
609 2819 800 2884 morituris
814 2830 864 2884 aut
878 2820 954 2884 mori
969 2839 1030 2884 non
1046 2821 1248 2884 recusantibus
1262 2819 1316 2883 diei

158 2920 292 3002 potuisse
321 2921 431 3003 opinati
454 2930 533 2985 sunt.
573 2921 642 2985 tntu
662 2941 838 3004 persuasum
857 2932 903 2986 est
924 2923 1100 3005 Aescbglum
1118 2933 1177 2987 um
1199 2923 1318 2986 miridee

158 3040 221 3084 non
247 3022 402 3103 loquutum
427 3043 508 3099 esse,
533 3023 587 3088 sed
618 3024 662 3088 sic
691 3026 805 3107 potius:
835 3019 966 3108 θράσος
985 3017 1144 3090 άκοάσιον
1165 3016 1321 3106 άνάράσιν

158 3115 347 3187 άποιινοῦσι
368 3117 522 3208 κομίζων.
545 3125 575 3189 h.
595 3147 621 3188 e.
648 3128 829 3191 audaciam
852 3127 1131 3190 involuntariam
1162 3127 1321 3190 allereus

159 3231 202 3302 (s.
218 3225 428 3309 iniungens)
444 3227 533 3292 uiris
547 3230 850 3306 detrectantibus,
871 3238 904 3293 ut
923 3230 1108 3312 significetur
1133 3229 1210 3294 ciues
1237 3230 1320 3294 etism

108 3393 110 3398 ,
160 3328 268 3392 inritos
288 3350 304 3393 a
324 3349 393 3412 rege
407 3341 532 3396 'mactes
552 3350 618 3396 esse
637 3333 674 3396 ad
693 3332 920 3415 expeditionem.
962 3334 1004 3396 Ex
1029 3323 1214 3398 άποκνοῖσι
1233 3350 1321 3416 «ροισι

160 3419 380 3496 άποθανοῦσι
394 3435 504 3498 lactum
519 3444 612 3510 esset,
628 3435 686 3500 boc
701 3447 885 3501 correctmes
900 3446 1024 3519 prepter
1038 3445 1164 3500 metrum
1180 3435 1249 3500 terri
1264 3451 1322 3498 nen
1418 3443 1420 3448 ‘

160 3551 251 3615 posse
265 3534 456 3616 intelligentes
471 3537 501 3600 in
515 3532 702 3622 θνήσκουσι
717 3549 876 3603 mutanmt
922 3538 1063 3603 Geniiciat
1078 3539 1182 3620 aliquis
1203 3529 1323 3622 άνάρά-

160 3653 215 3700 σιν
238 3625 383 3716 ὀκνοῦσι,
406 3657 498 3721 quum
517 3640 629 3704 lucilius
647 3640 734 3704 etiam
750 3632 883 3706 όννοῑσι
898 3640 929 3706 in
943 3643 1088 3706 θανοῦσι
1103 3641 1253 3725 corrumpi
1267 3659 1322 3722 po·

162 3739 263 3814 tuerit,
277 3747 307 3802 et
320 3738 365 3803 sic
377 3734 563 3828 θνήσκουσι
578 3760 596 3805 a
609 3743 825 3807 correctoribus
835 3743 923 3825 ponis
937 3743 988 3807 sed
1003 3762 1065 3807 non
1080 3743 1169 3808 eredo
1180 3741 1323 3807 tamenab

160 3841 303 3923 Aescbglo
319 3841 445 3924 primam
461 3843 537 3908 illius
550 3838 630 3908 serbi
646 3845 784 3928 syllabam
799 3845 833 3908 in
849 3845 942 3910 thesi
959 3845 1133 3927 productam
1148 3865 1225 3908 esse.

248 3944 280 4007 ln
294 3944 431 4027 proximo
447 3945 577 4011 diuerbio
592 3946 835 4030 Clytaemnestree
849 3956 880 4012 et
893 3948 1139 4029 Agamemnonis.
1152 3947 1234 4030 quod
1249 3947 1322 4012 dam
1346 3945 1350 3952 “

164 4133 471 4148 u—-u-——n—-fl-n--n

234 4239 274 4306 ld)
293 4237 332 4292 Ne
344 4241 492 4308 sicquidem
504 4241 579 4309 plane
591 4243 730 4310 respondet
740 4241 868 4311 sceapttea
879 4240 1063 4311 redemptam,
1080 4243 1103 4296 si
1115 4241 1218 4299 ednas
1229 4259 1255 4297 r.
1266 4258 1326 4297 νιιι·

163 4319 216 4396 ρόν
227 4340 273 4392 pra
290 4331 428 4392 superte
445 4323 559 4378 babetur.
584 4325 635 4378 set
653 4326 737 4392 licuit,
755 4326 856 4395 opinor,
873 4327 1001 4396 Aeaetpte
1013 4329 1062 4380 boc
1074 4344 1122 4397 per
1137 4329 1270 4399 optinui·
1282 4343 1325 4397 pre

165 4408 246 4464 trabe
263 4423 399 4478 usurpare,
420 4409 486 4478 quud
503 4424 583 4475 ςοιιιι
599 4409 765 4478 syntasma,
780 4411 893 4478 quanvis
910 4425 1006 4481 rursm,
1024 4429 1074 4466 sou
1090 4421 1175 4468 tene·
1193 4413 1326 4467 madra-

164 4506 223 4544 erse
232 4491 390 4547 demensus
401 4499 495 4559 noret,
507 4491 589 4546 lilen.
600 4493 681 4548 doctr.
692 4502 767 4548 nete.
781 4510 806 4564 p.
818 4495 861 4548 ld.

207 4577 256 4640 lli.
1090 4583 1129 4647 tt
