3078 4954
611 431 811 530 ...¹:¹.⁷-...

213 616 247 684 ll.
271 617 552 684 lateranensem
577 621 613 685 tle
637 619 716 704 regis
736 620 824 685 caede
844 617 1023 683 Cassandrae
1043 614 1129 679 rerba
1153 613 1228 678 haec
1251 611 1295 676 le·

129 732 253 804 guntur:

395 839 418 916 tl
433 839 456 916 ei
471 844 555 930 taut,
572 845 661 916 taut·
676 841 781 931 ἔπεχε
794 848 854 936 τῆς
867 845 950 934 βοὸς

394 950 453 1019 τὸν
466 951 597 1038 ταῦρον·
613 949 648 1018 ἐν
662 947 848 1018 πέπλοισιν

393 1055 622 1148 μελαγκέρῳ
642 1056 791 1143 λαβοῦσα
810 1051 1016 1145 μηχανήματι

397 1155 528 1227 τύπτει.
658 1177 659 1182 ’

132 1307 190 1370 Pro
204 1299 397 1394 μελαγκέρῳ
410 1306 456 1371 elii
470 1302 676 1394 μελόγιιριον
691 1308 889 1392 scripserunt,
909 1307 996 1388 itique
1016 1301 1164 1367 nonnullis
1180 1302 1296 1386 placuit.

132 1413 382 1492 Agamemnonem
395 1431 462 1475 curu
477 1422 560 1477 tauro
573 1411 739 1495 comparari
754 1409 940 1476 credentibus
956 1410 1048 1491 nigris
1060 1408 1199 1473 comibus
1211 1425 1295 1488 prae-

131 1514 202 1578 nito.
231 1513 300 1578 llihi
316 1516 373 1579 hoc
388 1515 574 1598 perineptmu
590 1516 716 1580 violetur:
732 1533 787 1578 nec
801 1516 899 1579 ntinus
915 1514 1056 1597 ineptum,
1071 1510 1150 1595 ιμιοιΙ
1166 1510 1195 1573 in
1208 1509 1297 1573 altera

131 1617 256 1681 lectione
275 1617 425 1702 epitheton
446 1619 516 1684 illusi
537 1620 573 1684 etl
592 1613 801 1706 μηχανήματι
820 1619 989 1702 appositum
1010 1618 1075 1681 itlou
1095 1627 1214 1698 plattam,
1235 1638 1296 1698 quo

132 1720 277 1784 indicetur
291 1721 395 1785 ictihus
412 1722 481 1785 lerri
496 1723 749 1803 Agamemnonem
765 1723 848 1804 quasi
863 1721 954 1802 nigris
970 1723 1109 1785 corrrihus
1124 1719 1192 1802 peti.
1237 1722 1296 1782 lte.-

133 1823 269 1904 putliatur
289 1823 343 1887 ista
363 1823 625 1906 interpretationi
649 1823 708 1887 hoc
727 1843 788 1887 uuo
813 1835 1000 1907 argumento,
1024 1824 1102 1906 quoti
1122 1816 1297 1909 μηχάνημα

133 1945 195 1990 non
210 1927 246 1989 tle
261 1925 366 1992 ictibus
382 1927 450 1990 lerri
465 1927 523 1990 tlici
537 1927 642 2009 potnit,
658 1926 709 1988 soti
727 1916 839 1990 tantum
855 1927 892 1989 tlc
905 1927 1038 2000 artificio,
1052 1946 1111 2008 quo
1123 1924 1216 1989 uirum
1231 1927 1297 2008 ctp-

135 2039 310 2093 taerunestra
330 2029 501 2105 irretirerut,
522 2030 551 2092 h.
572 2049 598 2092 e.
620 2030 657 2092 tle
676 2017 808 2114 ἀπείρῳ
829 2029 876 2092 illo
898 2020 1157 2114 dprprflhrp'orpap,
1181 2039 1213 2092 nt
1232 2028 1297 2091 ulihi

135 2143 274 2197 νοαιιιιι.Δ
309 2133 385 2198 llnic
403 2143 498 2198 autem
519 2133 673 2216 epitheton
693 2130 863 2196 acornihns
883 2131 1003 2196 ductum
1019 2132 1098 2196 nullu
1120 2133 1210 2194 rotoilo
1225 2151 1298 2195 casn·

23 2241 25 2248 '
135 2238 233 2302 uenire
248 2247 377 2322 apparet,
393 2239 445 2302 seul
461 2235 584 2301 debetur
600 2236 669 2300 ilhul
684 2235 819 2310 librariis,
833 2233 955 2318 quihus,
975 2256 1066 2320 ιμιιιιιι
1081 2245 1165 2300 annea
1181 2256 1297 2300 saecun

135 2353 164 2406 et
185 2352 301 2406 taurum
322 2340 468 2406 nominari
487 2339 631 2416 riderent,
655 2359 735 2404 notro
757 2358 875 2422 quoque
894 2341 1001 2404 horum
1027 2359 1138 2404 cornua
1158 2340 1330 2408 chroesi-a

137 2446 250 2510 llantur.
282 2445 456 2529 Aeschylum
478 2452 574 2508 autom
596 2443 754 2526 scripsisse
768 2443 855 2506 credo
869 2436 1064 2530 μελαγκότῳ
1077 2438 1298 2531 μοχανιζματι.

137 2549 210 2612 Nam
226 2558 259 2611 nt
272 2557 401 2612 atrocem
422 2548 496 2612 iram
510 2541 635 2629 μέλανα
648 2542 745 2611 κότον
763 2546 820 2609 ntci
838 2545 972 2628 potuisse
991 2567 1078 2610 tremo
1096 2547 1238 2628 aruhiget‚
1257 2546 1300 2608 sic

137 2651 205 2714 illud
220 2653 328 2714 atrocis
343 2650 403 2722 irae
416 2649 570 2714 artificium
586 2661 664 2714 recte
677 2643 879 2732 μιλάμιοτον
895 2642 1071 2736 μηχάνημα
1090 2650 1146 2713 ntci
1166 2649 1299 2732 potuisse

138 2753 327 2817 trianilostum
349 2762 409 2818 est:
434 2772 529 2836 utrque
549 2751 674 2817 tiuhitari
697 2751 733 2815 rie
753 2752 811 2814 huc
830 2751 970 2816 alieniso
994 2763 1150 2836 propterea
1174 2752 1298 2824 tlehehit,

138 2856 217 2938 quoti
232 2855 310 2921 aliutl
325 2855 388 2920 eius
399 2857 565 2939 eaentplum
583 2856 707 2918 tortasse
719 2874 781 2918 nou
792 2863 879 2919 extat
906 2855 964 2919 Pro
979 2849 1097 2919 τύπτει
1114 2867 1212 2920 antem
1224 2855 1297 2919 ller-

140 2977 265 3024 unmuus
281 2955 375 3026 θένει
390 2959 532 3043 scripturn
553 2957 643 3022 [trisse
658 2959 825 3041 suspicatur
838 2969 962 3042 propter
980 2959 1165 3041 suuptncum
1180 2980 1298 3024 sorsum
1355 2945 1358 2952 ’

146 3063 234 3140 tots,
249 3063 299 3146 ιμιί
314 3062 350 3126 ah
364 3063 472 3140 iambo,
488 3056 605 3152 φόνου,
621 3061 737 3144 iucipit3
749 3063 800 3126 sesi
817 3063 917 3127 delinit
930 3062 1031 3144 potius
1047 3063 1147 3141 θινεῖ,
1162 3063 1300 3145 quoniam

140 3185 280 3248 praesens
300 3158 391 3232 θένω
411 3166 524 3230 nullum
547 3174 602 3229 est
645 3165 718 3228 h'am
743 3164 823 3249 quoti
850 3165 947 3230 statim
971 3165 1159 3247 subiungitur
1183 3158 1303 3241 nicaea,

141 3289 281 3351 praesens
313 3279 383 3352 post
413 3271 544 3334 loturum
570 3269 600 3331 in
630 3268 800 3351 pirophetica
827 3269 961 3334 oratione
989 3269 1137 3332 neurinent
1164 3262 1306 3345 olientlet3

143 3365 259 3435 trimas
280 3382 377 3435 autem
396 3392 432 3435 ex
452 3371 691 3454 interpretatione
710 3372 819 3435 ittuuu
840 3381 901 3448 est,
920 3372 1004 3437 cuins
1024 3373 1139 3454 generis
1154 3383 1200 3436 eat
1214 3373 1305 3435 ntnlta

141 3484 213 3537 sunt
233 3473 263 3535 in
279 3473 412 3556 Aeschyli
428 3473 579 3538 codicibus
594 3475 741 3557 exemplu,
758 3492 908 3558 unumque
922 3485 951 3539 et
965 3475 1088 3540 alterum
1103 3495 1173 3539 rtrox
1187 3495 1205 3539 a
1220 3463 1314 3538 nohis

142 3575 352 3639 tractabuntur.

227 3676 259 3739 ln
276 3675 419 3759 proximis
436 3677 519 3742 chori
534 3677 667 3742 rersihus
686 3678 767 3742 totta
783 3698 849 3759 sqq.

763 3800 875 3866 κακῶν
888 3799 950 3887 yrip
965 3799 1040 3868 διαὶ

469 3899 650 3982 πολυεπεῖς
662 3899 774 3985 τέχναι
788 3902 986 3990 θιαπιιμόοὶ

467 4000 573 4093 φόβον
586 4001 745 4094 φέρουσιν
757 4007 918 4088 μαθεῖν,

147 4153 251 4216 parum
268 4132 404 4198 credibile
418 4141 464 4196 ost
478 4125 587 4221 φόβον
600 4133 726 4215 μαθεῖν
739 4133 796 4196 dici
812 4132 946 4215 potuisse
960 4153 1015 4217 pro
1032 4154 1066 4198 ro
1082 4135 1161 4217 quoti
1177 4145 1223 4200 est
1239 4155 1312 4199 rue·

147 4249 203 4302 tus
219 4255 367 4301 sensnm
382 4235 582 4318 percipere.
597 4235 768 4301 Credibilins
782 4246 828 4300 est
842 4237 1015 4320 Aeschylum
1031 4238 1190 4322 scripsisse
1204 4235 1314 4326 (μῖμον

147 4334 306 4426 φέρουσιν
323 4331 463 4421 μα’τανι
484 4337 649 4403 timorem
669 4342 840 4416 atterunt,
861 4359 929 4421 quo
949 4341 1040 4406 nihil
1059 4352 1174 4406 tamen
1196 4344 1312 4425 proli·

147 4443 257 4520 citur,
272 4440 522 4526 qnenraslmotlnm
536 4435 577 4506 ro*
591 4434 700 4523 μάταν
719 4433 827 4526 ἔχθος
840 4462 931 4529 supra
944 4463 972 4512 ι.
991 4447 1050 4510 tat
1066 4446 1103 4510 tle
1117 4446 1314 4511 sollicitudine

1049 4551 1108 4615 lh'

73 4648 161 4680 A
