<?xml version="1.0" encoding="UTF-8"?>
<!DOCTYPE html PUBLIC "-//W3C//DTD XHTML 1.0 Transitional//EN"
    "http://www.w3.org/TR/xhtml1/DTD/xhtml1-transitional.dtd">
<html xmlns="http://www.w3.org/1999/xhtml" xml:lang="en" lang="en">
 <head>
  <title>
</title>
<meta http-equiv="Content-Type" content="text/html;charset=utf-8" />
  <meta name='ocr-system' content='tesseract 3.04.00' />
  <meta name='ocr-capabilities' content='ocr_page ocr_carea ocr_par ocr_line ocrx_word'/>
</head>
<body>
  <div class='ocr_page' id='page_1' title='image "./opusculaacademi01schgoog_0097.png"; bbox 0 0 3078 4954; ppageno 0'>
   <div class='ocr_carea' id='block_1_1' title="bbox 711 455 752 523">
    <p class='ocr_par' dir='ltr' id='par_1_1' title="bbox 711 455 752 523">
     <span class='ocr_line' id='line_1_1' title="bbox 711 455 752 523; baseline 0.024 -1"><span class='ocrx_word' id='word_1_1' title='bbox 711 455 752 523; x_wconf 80' lang='grc'><strong>85</strong></span> 
     </span>
    </p>
   </div>
   <div class='ocr_carea' id='block_1_2' title="bbox 150 645 1310 1246">
    <p class='ocr_par' dir='ltr' id='par_1_2' title="bbox 150 645 1310 1246">
     <span class='ocr_line' id='line_1_2' title="bbox 150 645 1309 731; baseline -0.001 -19"><span class='ocrx_word' id='word_1_2' title='bbox 150 657 258 730; x_wconf 81' lang='lat' dir='ltr'><strong>preter.</strong></span> <span class='ocrx_word' id='word_1_3' title='bbox 281 646 456 711; x_wconf 85' lang='lat' dir='ltr'><strong>Wieselems</strong></span> <span class='ocrx_word' id='word_1_4' title='bbox 468 647 593 711; x_wconf 75' lang='lat' dir='ltr'><strong>mettium</strong></span> <span class='ocrx_word' id='word_1_5' title='bbox 609 647 756 729; x_wconf 71' lang='lat' dir='ltr'><strong>mandam</strong></span> <span class='ocrx_word' id='word_1_6' title='bbox 771 645 846 710; x_wconf 84' lang='grc' dir='ltr'><strong>ιίιιιι</strong></span> <span class='ocrx_word' id='word_1_7' title='bbox 862 645 1030 730; x_wconf 74' lang='lat' dir='ltr'><strong>ingreditur.</strong></span> <span class='ocrx_word' id='word_1_8' title='bbox 1044 655 1079 712; x_wconf 93' lang='lat' dir='ltr'><strong>ut</strong></span> <span class='ocrx_word' id='word_1_9' title='bbox 1092 658 1206 731; x_wconf 89' lang='lat' dir='ltr'><strong>partem</strong></span> <span class='ocrx_word' id='word_1_10' title='bbox 1221 649 1309 712; x_wconf 80' lang='lat' dir='ltr'><strong>husius</strong></span> 
     </span>
     <span class='ocr_line' id='line_1_3' title="bbox 150 750 1308 833; baseline 0.001 -18"><span class='ocrx_word' id='word_1_11' title='bbox 150 751 307 824; x_wconf 83' lang='lat' dir='ltr'><strong>orationis.</strong></span> <span class='ocrx_word' id='word_1_12' title='bbox 326 770 419 832; x_wconf 83' lang='lat' dir='ltr'><strong>usgue</strong></span> <span class='ocrx_word' id='word_1_13' title='bbox 439 751 474 814; x_wconf 83' lang='lat' dir='ltr'><strong>ati</strong></span> <span class='ocrx_word' id='word_1_14' title='bbox 494 770 521 815; x_wconf 87' lang='grc' dir='ltr'><strong>ι.</strong></span> <span class='ocrx_word' id='word_1_15' title='bbox 537 751 614 824; x_wconf 83' lang='grc'>868,</span> <span class='ocrx_word' id='word_1_16' title='bbox 631 750 750 813; x_wconf 85' lang='lat' dir='ltr'><strong>Oceano</strong></span> <span class='ocrx_word' id='word_1_17' title='bbox 764 751 885 824; x_wconf 80' lang='lat' dir='ltr'><strong>tribuat.</strong></span> <span class='ocrx_word' id='word_1_18' title='bbox 899 751 1007 833; x_wconf 84' lang='lat' dir='ltr'><strong>reliqua</strong></span> <span class='ocrx_word' id='word_1_19' title='bbox 1024 751 1217 824; x_wconf 82' lang='lat' dir='ltr'><strong>Prometheo.</strong></span> <span class='ocrx_word' id='word_1_20' title='bbox 1231 753 1308 816; x_wconf 86' lang='lat' dir='ltr'><strong>iliius</strong></span> 
     </span>
     <span class='ocr_line' id='line_1_4' title="bbox 150 853 1310 936; baseline 0.001 -18"><span class='ocrx_word' id='word_1_21' title='bbox 150 873 317 919; x_wconf 86' lang='lat' dir='ltr'><strong>sermonem</strong></span> <span class='ocrx_word' id='word_1_22' title='bbox 333 855 523 936; x_wconf 68' lang='lat' dir='ltr'><strong>interpellanti</strong></span> <span class='ocrx_word' id='word_1_23' title='bbox 538 864 568 918; x_wconf 87' lang='lat' dir='ltr'><strong>et</strong></span> <span class='ocrx_word' id='word_1_24' title='bbox 582 854 772 918; x_wconf 85' lang='lat' dir='ltr'><strong>continuasti.</strong></span> <span class='ocrx_word' id='word_1_25' title='bbox 817 853 852 916; x_wconf 81' lang='lat' dir='ltr'><strong>Et</strong></span> <span class='ocrx_word' id='word_1_26' title='bbox 867 854 995 935; x_wconf 78' lang='lat' dir='ltr'>priorem</span> <span class='ocrx_word' id='word_1_27' title='bbox 1010 854 1128 936; x_wconf 81' lang='lat' dir='ltr'><strong>guidem</strong></span> <span class='ocrx_word' id='word_1_28' title='bbox 1144 865 1257 936; x_wconf 84' lang='lat' dir='ltr'><strong>partem</strong></span> <span class='ocrx_word' id='word_1_29' title='bbox 1277 864 1310 919; x_wconf 91' lang='lat' dir='ltr'><strong>ut</strong></span> 
     </span>
     <span class='ocr_line' id='line_1_5' title="bbox 150 954 1307 1039; baseline 0 -19"><span class='ocrx_word' id='word_1_30' title='bbox 150 957 266 1020; x_wconf 79' lang='lat' dir='ltr'><strong>Oceano</strong></span> <span class='ocrx_word' id='word_1_31' title='bbox 279 956 400 1031; x_wconf 83' lang='lat' dir='ltr'><strong>tribuat,</strong></span> <span class='ocrx_word' id='word_1_32' title='bbox 423 955 540 1036; x_wconf 81' lang='lat' dir='ltr'><strong>Reisigii</strong></span> <span class='ocrx_word' id='word_1_33' title='bbox 561 975 594 1020; x_wconf 88' lang='lat' dir='ltr'><strong>se</strong></span> <span class='ocrx_word' id='word_1_34' title='bbox 616 954 778 1020; x_wconf 83' lang='lat' dir='ltr'><strong>rationibus</strong></span> <span class='ocrx_word' id='word_1_35' title='bbox 793 957 957 1036; x_wconf 70' lang='lat' dir='ltr'><strong>permanseri</strong></span> <span class='ocrx_word' id='word_1_36' title='bbox 977 956 1061 1030; x_wconf 75' lang='lat' dir='ltr'><strong>stitit,</strong></span> <span class='ocrx_word' id='word_1_37' title='bbox 1076 957 1185 1038; x_wconf 80' lang='lat' dir='ltr'><strong>quibus</strong></span> <span class='ocrx_word' id='word_1_38' title='bbox 1204 977 1307 1039; x_wconf 80' lang='lat' dir='ltr'><strong>quaes</strong></span> 
     </span>
     <span class='ocr_line' id='line_1_6' title="bbox 151 1057 1306 1142; baseline 0 -20"><span class='ocrx_word' id='word_1_39' title='bbox 151 1079 198 1122; x_wconf 89' lang='lat' dir='ltr'><strong>me</strong></span> <span class='ocrx_word' id='word_1_40' title='bbox 224 1059 360 1142; x_wconf 88' lang='lat' dir='ltr'><strong>opposita</strong></span> <span class='ocrx_word' id='word_1_41' title='bbox 387 1069 457 1122; x_wconf 87' lang='lat' dir='ltr'><strong>sunt</strong></span> <span class='ocrx_word' id='word_1_42' title='bbox 479 1078 508 1140; x_wconf 91' lang='lat' dir='ltr'><strong>p.</strong></span> <span class='ocrx_word' id='word_1_43' title='bbox 531 1059 605 1133; x_wconf 79' lang='lat'><strong>295,</strong></span> <span class='ocrx_word' id='word_1_44' title='bbox 626 1062 661 1132; x_wconf 86' lang='grc'><strong>6,</strong></span> <span class='ocrx_word' id='word_1_45' title='bbox 687 1057 758 1120; x_wconf 86' lang='lat' dir='ltr'><strong>uolo</strong></span> <span class='ocrx_word' id='word_1_46' title='bbox 778 1075 857 1120; x_wconf 89' lang='lat' dir='ltr'><strong>nuuc</strong></span> <span class='ocrx_word' id='word_1_47' title='bbox 878 1069 1025 1142; x_wconf 75' lang='lat' dir='ltr'><strong>tepuere:</strong></span> <span class='ocrx_word' id='word_1_48' title='bbox 1051 1059 1192 1140; x_wconf 82' lang='lat' dir='ltr'><strong>reliquam</strong></span> <span class='ocrx_word' id='word_1_49' title='bbox 1211 1073 1306 1122; x_wconf 86' lang='lat' dir='ltr'><strong>autern</strong></span> 
     </span>
     <span class='ocr_line' id='line_1_7' title="bbox 151 1153 1307 1246; baseline 0.001 -21"><span class='ocrx_word' id='word_1_50' title='bbox 151 1162 331 1234; x_wconf 82' lang='lat' dir='ltr'><strong>orationem.</strong></span> <span class='ocrx_word' id='word_1_51' title='bbox 364 1161 431 1224; x_wconf 84' lang='lat' dir='ltr'><strong>inde</strong></span> <span class='ocrx_word' id='word_1_52' title='bbox 455 1181 471 1223; x_wconf 92' lang='lat' dir='ltr'><strong>a</strong></span> <span class='ocrx_word' id='word_1_53' title='bbox 497 1161 592 1225; x_wconf 74' lang='lat' dir='ltr'><strong>neritis</strong></span> <span class='ocrx_word' id='word_1_54' title='bbox 618 1153 715 1226; x_wconf 73' lang='grc' dir='ltr'><strong><em>ἔνθεν</em></strong></span> <span class='ocrx_word' id='word_1_55' title='bbox 741 1153 979 1246; x_wconf 70' lang='grc' dir='ltr'><strong>ἔκρογήοοιτοί</strong></span> <span class='ocrx_word' id='word_1_56' title='bbox 1006 1181 1103 1239; x_wconf 79' lang='grc' dir='ltr'>ποτε,</span> <span class='ocrx_word' id='word_1_57' title='bbox 1129 1163 1307 1227; x_wconf 85' lang='lat' dir='ltr'><strong>Prometheo</strong></span> 
     </span>
    </p>
   </div>
   <div class='ocr_carea' id='block_1_3' title="bbox 86 1264 1337 4225">
    <p class='ocr_par' dir='ltr' id='par_1_3' title="bbox 86 1264 1337 3922">
     <span class='ocr_line' id='line_1_8' title="bbox 150 1264 1308 1348; baseline 0.001 -18"><span class='ocrx_word' id='word_1_58' title='bbox 150 1266 281 1346; x_wconf 73' lang='lat' dir='ltr'><strong>assignat</strong></span> <span class='ocrx_word' id='word_1_59' title='bbox 294 1265 408 1328; x_wconf 82' lang='lat' dir='ltr'><strong>‹iuabus</strong></span> <span class='ocrx_word' id='word_1_60' title='bbox 423 1265 459 1328; x_wconf 86' lang='lat' dir='ltr'><strong>tle</strong></span> <span class='ocrx_word' id='word_1_61' title='bbox 474 1264 586 1330; x_wconf 82' lang='lat' dir='ltr'><strong>causis:</strong></span> <span class='ocrx_word' id='word_1_62' title='bbox 602 1264 745 1347; x_wconf 83' lang='lat' dir='ltr'><strong>primum.</strong></span> <span class='ocrx_word' id='word_1_63' title='bbox 760 1264 827 1348; x_wconf 78' lang='lat' dir='ltr'><strong>«prtia</strong></span> <span class='ocrx_word' id='word_1_64' title='bbox 842 1265 1011 1329; x_wconf 74' lang='lat' dir='ltr'><strong>vaticinium</strong></span> <span class='ocrx_word' id='word_1_65' title='bbox 1031 1267 1068 1328; x_wconf 81' lang='lat' dir='ltr'><strong>tle</strong></span> <span class='ocrx_word' id='word_1_66' title='bbox 1087 1269 1186 1330; x_wconf 85' lang='lat' dir='ltr'><strong>ittturo</strong></span> <span class='ocrx_word' id='word_1_67' title='bbox 1201 1271 1308 1331; x_wconf 81' lang='lat' dir='ltr'><strong>aetnae</strong></span> 
     </span>
     <span class='ocr_line' id='line_1_9' title="bbox 124 1367 1307 1460; baseline 0 -28"><span class='ocrx_word' id='word_1_68' title='bbox 124 1448 131 1460; x_wconf 24' lang='lat' dir='ltr'><em>t</em></span> <span class='ocrx_word' id='word_1_69' title='bbox 151 1369 286 1433; x_wconf 80' lang='lat' dir='ltr'><strong>incendio</strong></span> <span class='ocrx_word' id='word_1_70' title='bbox 306 1369 410 1432; x_wconf 82' lang='lat' dir='ltr'><strong>meiius</strong></span> <span class='ocrx_word' id='word_1_71' title='bbox 431 1367 498 1432; x_wconf 90' lang='lat' dir='ltr'><strong>huie</strong></span> <span class='ocrx_word' id='word_1_72' title='bbox 518 1388 605 1452; x_wconf 77' lang='lat' dir='ltr'><strong>quam</strong></span> <span class='ocrx_word' id='word_1_73' title='bbox 625 1369 705 1432; x_wconf 86' lang='lat' dir='ltr'><strong>alteri</strong></span> <span class='ocrx_word' id='word_1_74' title='bbox 721 1368 889 1440; x_wconf 83' lang='lat' dir='ltr'><strong>conueniat,</strong></span> <span class='ocrx_word' id='word_1_75' title='bbox 909 1370 1015 1433; x_wconf 81' lang='lat' dir='ltr'><strong>deinde</strong></span> <span class='ocrx_word' id='word_1_76' title='bbox 1030 1371 1109 1453; x_wconf 74' lang='grc' dir='ltr'><strong>ιιιιοιὶ</strong></span> <span class='ocrx_word' id='word_1_77' title='bbox 1125 1389 1307 1434; x_wconf 83' lang='lat' dir='ltr'><strong>eotrrmemo·</strong></span> 
     </span>
     <span class='ocr_line' id='line_1_10' title="bbox 150 1471 1337 1556; baseline 0.003 -19"><span class='ocrx_word' id='word_1_78' title='bbox 150 1473 224 1538; x_wconf 85' lang='lat' dir='ltr'><strong>ratio</strong></span> <span class='ocrx_word' id='word_1_79' title='bbox 239 1473 283 1537; x_wconf 89' lang='lat' dir='ltr'><strong>iiia</strong></span> <span class='ocrx_word' id='word_1_80' title='bbox 300 1473 462 1556; x_wconf 69' lang='lat' dir='ltr'><strong>Typhonis,</strong></span> <span class='ocrx_word' id='word_1_81' title='bbox 477 1474 526 1553; x_wconf 84' lang='lat' dir='ltr'><strong>qui</strong></span> <span class='ocrx_word' id='word_1_82' title='bbox 542 1473 674 1554; x_wconf 81' lang='lat' dir='ltr'><strong>quamuis</strong></span> <span class='ocrx_word' id='word_1_83' title='bbox 695 1471 815 1535; x_wconf 85' lang='lat' dir='ltr'><strong>iuitniue</strong></span> <span class='ocrx_word' id='word_1_84' title='bbox 835 1472 910 1536; x_wconf 90' lang='lat' dir='ltr'><strong>ictus</strong></span> <span class='ocrx_word' id='word_1_85' title='bbox 929 1475 1039 1538; x_wconf 82' lang='lat' dir='ltr'><strong>saeuire</strong></span> <span class='ocrx_word' id='word_1_86' title='bbox 1058 1485 1154 1538; x_wconf 86' lang='lat' dir='ltr'><strong>taureu</strong></span> <span class='ocrx_word' id='word_1_87' title='bbox 1173 1493 1236 1538; x_wconf 88' lang='lat' dir='ltr'><strong>nou</strong></span> <span class='ocrx_word' id='word_1_88' title='bbox 1254 1475 1305 1537; x_wconf 83' lang='lat' dir='ltr'><strong>te·</strong></span> <span class='ocrx_word' id='word_1_89' title='bbox 1322 1489 1337 1542; x_wconf 87' lang='lat' dir='ltr'><strong>t</strong></span> 
     </span>
     <span class='ocr_line' id='line_1_11' title="bbox 151 1575 1309 1660; baseline 0.001 -20"><span class='ocrx_word' id='word_1_90' title='bbox 151 1577 279 1651; x_wconf 75' lang='lat' dir='ltr'><strong>sinatoti</strong></span> <span class='ocrx_word' id='word_1_91' title='bbox 292 1577 447 1640; x_wconf 86' lang='lat' dir='ltr'><strong>eonsilium</strong></span> <span class='ocrx_word' id='word_1_92' title='bbox 461 1575 569 1640; x_wconf 82' lang='lat' dir='ltr'><strong>Oceani</strong></span> <span class='ocrx_word' id='word_1_93' title='bbox 582 1575 790 1638; x_wconf 74' lang='lat' dir='ltr'><strong>Prometheum</strong></span> <span class='ocrx_word' id='word_1_94' title='bbox 802 1577 916 1640; x_wconf 83' lang='lat' dir='ltr'><strong>flectere</strong></span> <span class='ocrx_word' id='word_1_95' title='bbox 923 1577 1066 1658; x_wconf 88' lang='lat' dir='ltr'><strong>cupientis</strong></span> <span class='ocrx_word' id='word_1_96' title='bbox 1078 1597 1181 1660; x_wconf 89' lang='lat' dir='ltr'><strong>parum</strong></span> <span class='ocrx_word' id='word_1_97' title='bbox 1191 1598 1309 1641; x_wconf 89' lang='lat' dir='ltr'><strong>accom-</strong></span> 
     </span>
     <span class='ocr_line' id='line_1_12' title="bbox 150 1679 1310 1763; baseline 0.001 -19"><span class='ocrx_word' id='word_1_98' title='bbox 150 1681 267 1744; x_wconf 84' lang='lat' dir='ltr'><strong>modata</strong></span> <span class='ocrx_word' id='word_1_99' title='bbox 285 1680 333 1743; x_wconf 80' lang='lat' dir='ltr'><strong>sit</strong></span> <span class='ocrx_word' id='word_1_100' title='bbox 376 1680 504 1742; x_wconf 82' lang='lat' dir='ltr'><strong>Possum</strong></span> <span class='ocrx_word' id='word_1_101' title='bbox 525 1679 659 1761; x_wconf 76' lang='lat' dir='ltr'><strong>equitnm</strong></span> <span class='ocrx_word' id='word_1_102' title='bbox 681 1680 752 1741; x_wconf 82' lang='lat' dir='ltr'><strong>iraec</strong></span> <span class='ocrx_word' id='word_1_103' title='bbox 770 1679 915 1760; x_wconf 80' lang='lat' dir='ltr'><strong>accipere,</strong></span> <span class='ocrx_word' id='word_1_104' title='bbox 939 1681 1078 1762; x_wconf 76' lang='lat' dir='ltr'><strong>quioniam</strong></span> <span class='ocrx_word' id='word_1_105' title='bbox 1104 1681 1176 1745; x_wconf 91' lang='lat' dir='ltr'><strong>mihi</strong></span> <span class='ocrx_word' id='word_1_106' title='bbox 1193 1700 1310 1763; x_wconf 84' lang='lat' dir='ltr'><strong>quoque</strong></span> 
     </span>
     <span class='ocr_line' id='line_1_13' title="bbox 150 1781 1308 1865; baseline 0.001 -18"><span class='ocrx_word' id='word_1_107' title='bbox 150 1783 194 1847; x_wconf 89' lang='lat' dir='ltr'><strong>iiia</strong></span> <span class='ocrx_word' id='word_1_108' title='bbox 210 1785 310 1857; x_wconf 84' lang='lat' dir='ltr'><strong>rerba,</strong></span> <span class='ocrx_word' id='word_1_109' title='bbox 325 1781 390 1844; x_wconf 87' lang='lat' dir='ltr'><strong>iicet</strong></span> <span class='ocrx_word' id='word_1_110' title='bbox 404 1799 464 1844; x_wconf 93' lang='lat' dir='ltr'><strong>non</strong></span> <span class='ocrx_word' id='word_1_111' title='bbox 480 1783 558 1854; x_wconf 86' lang='lat' dir='ltr'><strong>soba,</strong></span> <span class='ocrx_word' id='word_1_112' title='bbox 578 1781 630 1842; x_wconf 80' lang='lat' dir='ltr'><strong>sesi</strong></span> <span class='ocrx_word' id='word_1_113' title='bbox 650 1797 707 1841; x_wconf 93' lang='lat' dir='ltr'><strong>una</strong></span> <span class='ocrx_word' id='word_1_114' title='bbox 730 1783 894 1845; x_wconf 90' lang='lat' dir='ltr'><strong>cumomni</strong></span> <span class='ocrx_word' id='word_1_115' title='bbox 910 1783 1062 1865; x_wconf 87' lang='lat' dir='ltr'><strong>superiore.</strong></span> <span class='ocrx_word' id='word_1_116' title='bbox 1078 1785 1219 1857; x_wconf 85' lang='lat' dir='ltr'><strong>oratione,</strong></span> <span class='ocrx_word' id='word_1_117' title='bbox 1235 1786 1308 1849; x_wconf 91' lang='lat' dir='ltr'><strong>Pro·</strong></span> 
     </span>
     <span class='ocr_line' id='line_1_14' title="bbox 151 1881 1311 1962; baseline 0.001 -14"><span class='ocrx_word' id='word_1_118' title='bbox 151 1885 258 1948; x_wconf 90' lang='lat' dir='ltr'><strong>methei</strong></span> <span class='ocrx_word' id='word_1_119' title='bbox 274 1904 341 1946; x_wconf 90' lang='lat' dir='ltr'><strong>esse</strong></span> <span class='ocrx_word' id='word_1_120' title='bbox 356 1883 503 1945; x_wconf 83' lang='lat' dir='ltr'><strong>vitientur:</strong></span> <span class='ocrx_word' id='word_1_121' title='bbox 519 1881 598 1962; x_wconf 84' lang='lat' dir='ltr'><strong>quoti</strong></span> <span class='ocrx_word' id='word_1_122' title='bbox 614 1889 709 1942; x_wconf 89' lang='lat' dir='ltr'><strong>autem</strong></span> <span class='ocrx_word' id='word_1_123' title='bbox 726 1881 929 1962; x_wconf 78' lang='lat' dir='ltr'><strong>dispescitura</strong></span> <span class='ocrx_word' id='word_1_124' title='bbox 944 1885 1103 1948; x_wconf 83' lang='lat' dir='ltr'><strong>Wieseiem</strong></span> <span class='ocrx_word' id='word_1_125' title='bbox 1125 1887 1221 1948; x_wconf 87' lang='lat' dir='ltr'><strong>oratio</strong></span> <span class='ocrx_word' id='word_1_126' title='bbox 1236 1887 1311 1949; x_wconf 90' lang='lat' dir='ltr'><strong>iuter</strong></span> 
     </span>
     <span class='ocr_line' id='line_1_15' title="bbox 151 1982 1311 2066; baseline 0.002 -18"><span class='ocrx_word' id='word_1_127' title='bbox 151 1987 226 2050; x_wconf 84' lang='lat' dir='ltr'><strong>duos</strong></span> <span class='ocrx_word' id='word_1_128' title='bbox 241 1985 474 2066; x_wconf 70' lang='lat' dir='ltr'><strong>unimammas,</strong></span> <span class='ocrx_word' id='word_1_129' title='bbox 493 1991 522 2045; x_wconf 89' lang='lat' dir='ltr'><strong>et</strong></span> <span class='ocrx_word' id='word_1_130' title='bbox 537 1985 730 2046; x_wconf 90' lang='lat' dir='ltr'><strong>Prometheus</strong></span> <span class='ocrx_word' id='word_1_131' title='bbox 745 1982 882 2048; x_wconf 78' lang='lat' dir='ltr'><strong>desubito</strong></span> <span class='ocrx_word' id='word_1_132' title='bbox 897 1986 1016 2048; x_wconf 87' lang='lat' dir='ltr'><strong>alterius</strong></span> <span class='ocrx_word' id='word_1_133' title='bbox 1035 2005 1203 2051; x_wconf 87' lang='lat' dir='ltr'><strong>sennonem</strong></span> <span class='ocrx_word' id='word_1_134' title='bbox 1221 1989 1311 2050; x_wconf 86' lang='lat' dir='ltr'><strong>inter·</strong></span> 
     </span>
     <span class='ocr_line' id='line_1_16' title="bbox 150 2085 1311 2173; baseline 0 -23"><span class='ocrx_word' id='word_1_135' title='bbox 150 2089 257 2173; x_wconf 89' lang='lat' dir='ltr'><strong>peiiare</strong></span> <span class='ocrx_word' id='word_1_136' title='bbox 269 2087 396 2168; x_wconf 82' lang='lat' dir='ltr'><strong>Pingitur,</strong></span> <span class='ocrx_word' id='word_1_137' title='bbox 412 2085 582 2167; x_wconf 88' lang='lat' dir='ltr'><strong>praesertim</strong></span> <span class='ocrx_word' id='word_1_138' title='bbox 595 2085 626 2147; x_wconf 92' lang='lat' dir='ltr'><strong>in</strong></span> <span class='ocrx_word' id='word_1_139' title='bbox 641 2085 738 2147; x_wconf 85' lang='lat' dir='ltr'><strong>medio</strong></span> <span class='ocrx_word' id='word_1_140' title='bbox 754 2103 850 2160; x_wconf 80' lang='lat' dir='ltr'><strong>uersu</strong></span> <span class='ocrx_word' id='word_1_141' title='bbox 865 2086 893 2149; x_wconf 81' lang='lat' dir='ltr'><strong>iri</strong></span> <span class='ocrx_word' id='word_1_142' title='bbox 908 2106 976 2150; x_wconf 84' lang='lat' dir='ltr'><strong>raro</strong></span> <span class='ocrx_word' id='word_1_143' title='bbox 991 2087 1109 2168; x_wconf 88' lang='lat' dir='ltr'><strong>pmbari</strong></span> <span class='ocrx_word' id='word_1_144' title='bbox 1125 2090 1206 2151; x_wconf 88' lang='lat' dir='ltr'><strong>uuiio</strong></span> <span class='ocrx_word' id='word_1_145' title='bbox 1222 2089 1311 2152; x_wconf 85' lang='lat' dir='ltr'><strong>modo</strong></span> 
     </span>
     <span class='ocr_line' id='line_1_17' title="bbox 86 2187 1312 2276; baseline -0.002 -21"><span class='ocrx_word' id='word_1_146' title='bbox 86 2253 89 2262; x_wconf 84' lang='grc'>,</span> <span class='ocrx_word' id='word_1_147' title='bbox 151 2201 260 2276; x_wconf 88' lang='lat' dir='ltr'><strong>potest.</strong></span> <span class='ocrx_word' id='word_1_148' title='bbox 304 2191 454 2266; x_wconf 86' lang='lat' dir='ltr'><strong>Quantum</strong></span> <span class='ocrx_word' id='word_1_149' title='bbox 470 2187 549 2251; x_wconf 88' lang='lat' dir='ltr'><strong>euim</strong></span> <span class='ocrx_word' id='word_1_150' title='bbox 566 2207 582 2246; x_wconf 89' lang='lat' dir='ltr'><strong>o</strong></span> <span class='ocrx_word' id='word_1_151' title='bbox 597 2187 807 2269; x_wconf 73' lang='lat' dir='ltr'><strong>superstitibus</strong></span> <span class='ocrx_word' id='word_1_152' title='bbox 823 2189 953 2271; x_wconf 70' lang='lat' dir='ltr'><strong>Aeschyli</strong></span> <span class='ocrx_word' id='word_1_153' title='bbox 974 2189 1078 2253; x_wconf 82' lang='lat' dir='ltr'><strong>tabuiis</strong></span> <span class='ocrx_word' id='word_1_154' title='bbox 1093 2189 1221 2252; x_wconf 85' lang='lat' dir='ltr'><strong>iudicare</strong></span> <span class='ocrx_word' id='word_1_155' title='bbox 1239 2191 1312 2265; x_wconf 85' lang='lat' dir='ltr'><strong>iicet,</strong></span> 
     </span>
     <span class='ocr_line' id='line_1_18' title="bbox 151 2289 1312 2375; baseline -0.002 -17"><span class='ocrx_word' id='word_1_156' title='bbox 151 2295 291 2358; x_wconf 86' lang='lat' dir='ltr'><strong>abhorret</strong></span> <span class='ocrx_word' id='word_1_157' title='bbox 311 2294 369 2356; x_wconf 90' lang='lat' dir='ltr'><strong>boc</strong></span> <span class='ocrx_word' id='word_1_158' title='bbox 387 2293 472 2375; x_wconf 88' lang='lat' dir='ltr'><strong>piane</strong></span> <span class='ocrx_word' id='word_1_159' title='bbox 486 2289 523 2353; x_wconf 92' lang='lat' dir='ltr'><strong>ab</strong></span> <span class='ocrx_word' id='word_1_160' title='bbox 543 2289 630 2354; x_wconf 88' lang='lat' dir='ltr'><strong>huius</strong></span> <span class='ocrx_word' id='word_1_161' title='bbox 650 2299 753 2372; x_wconf 80' lang='lat' dir='ltr'><strong>praetre</strong></span> <span class='ocrx_word' id='word_1_162' title='bbox 768 2292 993 2364; x_wconf 76' lang='lat' dir='ltr'><strong>consuetudine.</strong></span> <span class='ocrx_word' id='word_1_163' title='bbox 1012 2293 1062 2374; x_wconf 89' lang='lat' dir='ltr'><strong>qui</strong></span> <span class='ocrx_word' id='word_1_164' title='bbox 1081 2310 1233 2374; x_wconf 81' lang='lat' dir='ltr'><strong>nunquam</strong></span> <span class='ocrx_word' id='word_1_165' title='bbox 1252 2310 1312 2357; x_wconf 91' lang='lat' dir='ltr'><strong>nou</strong></span> 
     </span>
     <span class='ocr_line' id='line_1_19' title="bbox 152 2393 1312 2478; baseline -0.003 -17"><span class='ocrx_word' id='word_1_166' title='bbox 152 2398 274 2478; x_wconf 80' lang='lat' dir='ltr'><strong>integris</strong></span> <span class='ocrx_word' id='word_1_167' title='bbox 294 2395 426 2460; x_wconf 81' lang='lat' dir='ltr'><strong>uersibus</strong></span> <span class='ocrx_word' id='word_1_168' title='bbox 447 2410 641 2476; x_wconf 89' lang='lat' dir='ltr'><strong>personarum</strong></span> <span class='ocrx_word' id='word_1_169' title='bbox 662 2393 810 2457; x_wconf 83' lang='lat' dir='ltr'><strong>orationes</strong></span> <span class='ocrx_word' id='word_1_170' title='bbox 831 2395 977 2458; x_wconf 79' lang='lat' dir='ltr'><strong>concludit</strong></span> <span class='ocrx_word' id='word_1_171' title='bbox 992 2405 1020 2458; x_wconf 92' lang='lat' dir='ltr'><strong>et</strong></span> <span class='ocrx_word' id='word_1_172' title='bbox 1034 2396 1199 2459; x_wconf 79' lang='lat' dir='ltr'><strong>exorditur:</strong></span> <span class='ocrx_word' id='word_1_173' title='bbox 1218 2413 1312 2478; x_wconf 84' lang='lat' dir='ltr'><strong>neque</strong></span> 
     </span>
     <span class='ocr_line' id='line_1_20' title="bbox 152 2491 1311 2578; baseline -0.003 -14"><span class='ocrx_word' id='word_1_174' title='bbox 152 2502 243 2564; x_wconf 81' lang='lat' dir='ltr'><strong>ulium</strong></span> <span class='ocrx_word' id='word_1_175' title='bbox 259 2509 306 2562; x_wconf 91' lang='lat' dir='ltr'><strong>ost</strong></span> <span class='ocrx_word' id='word_1_176' title='bbox 319 2495 458 2562; x_wconf 89' lang='lat' dir='ltr'><strong>contrarii</strong></span> <span class='ocrx_word' id='word_1_177' title='bbox 473 2496 590 2575; x_wconf 87' lang='lat' dir='ltr'><strong>generis</strong></span> <span class='ocrx_word' id='word_1_178' title='bbox 605 2495 780 2576; x_wconf 79' lang='lat' dir='ltr'><strong>exemplum,</strong></span> <span class='ocrx_word' id='word_1_179' title='bbox 795 2491 911 2578; x_wconf 88' lang='lat' dir='ltr'><strong>praot&#39;er</strong></span> <span class='ocrx_word' id='word_1_180' title='bbox 924 2515 1017 2560; x_wconf 89' lang='lat' dir='ltr'><strong>unum</strong></span> <span class='ocrx_word' id='word_1_181' title='bbox 1033 2497 1201 2560; x_wconf 78' lang='lat' dir='ltr'><strong>Promethei</strong></span> <span class='ocrx_word' id='word_1_182' title='bbox 1215 2498 1311 2561; x_wconf 82' lang='grc' dir='ltr'><strong>Ιοοιιιι</strong></span> 
     </span>
     <span class='ocr_line' id='line_1_21' title="bbox 153 2589 1313 2684; baseline -0.003 -18"><span class='ocrx_word' id='word_1_183' title='bbox 153 2623 179 2667; x_wconf 86' lang='grc' dir='ltr'><strong>ι.</strong></span> <span class='ocrx_word' id='word_1_184' title='bbox 205 2602 284 2676; x_wconf 79' lang='grc'>982,</span> <span class='ocrx_word' id='word_1_185' title='bbox 310 2599 360 2664; x_wconf 90' lang='lat' dir='ltr'><strong>ubi</strong></span> <span class='ocrx_word' id='word_1_186' title='bbox 387 2598 543 2661; x_wconf 86' lang='lat' dir='ltr'><strong>inchoatur</strong></span> <span class='ocrx_word' id='word_1_187' title='bbox 567 2613 669 2658; x_wconf 82' lang='lat' dir='ltr'><strong>uersus</strong></span> <span class='ocrx_word' id='word_1_188' title='bbox 684 2597 852 2661; x_wconf 81' lang='lat' dir='ltr'><strong>Promethei</strong></span> <span class='ocrx_word' id='word_1_189' title='bbox 879 2599 1087 2662; x_wconf 73' lang='lat' dir='ltr'><strong>exuomettone</strong></span> <span class='ocrx_word' id='word_1_190' title='bbox 1114 2589 1213 2684; x_wconf 73' lang='grc' dir='ltr'>ᾤμοι,</span> <span class='ocrx_word' id='word_1_191' title='bbox 1241 2617 1313 2662; x_wconf 84' lang='grc' dir='ltr'><strong>οοιι·</strong></span> 
     </span>
     <span class='ocr_line' id='line_1_22' title="bbox 154 2687 1312 2777; baseline -0.005 -7"><span class='ocrx_word' id='word_1_192' title='bbox 154 2707 282 2770; x_wconf 86' lang='lat' dir='ltr'><strong>tinuatur</strong></span> <span class='ocrx_word' id='word_1_193' title='bbox 296 2712 393 2767; x_wconf 90' lang='lat' dir='ltr'><strong>autem</strong></span> <span class='ocrx_word' id='word_1_194' title='bbox 408 2696 541 2763; x_wconf 85' lang='lat' dir='ltr'><strong>biercurii</strong></span> <span class='ocrx_word' id='word_1_195' title='bbox 556 2697 667 2770; x_wconf 81' lang='lat' dir='ltr'><strong>uerbis.</strong></span> <span class='ocrx_word' id='word_1_196' title='bbox 686 2692 766 2762; x_wconf 79' lang='grc' dir='ltr'><strong>τόδε</strong></span> <span class='ocrx_word' id='word_1_197' title='bbox 787 2695 872 2776; x_wconf 63' lang='lat' dir='ltr'><strong>Zetis</strong></span> <span class='ocrx_word' id='word_1_198' title='bbox 892 2687 1019 2777; x_wconf 66' lang='grc' dir='ltr'><strong>τοῦπος</strong></span> <span class='ocrx_word' id='word_1_199' title='bbox 1040 2692 1099 2764; x_wconf 67' lang='grc' dir='ltr'><strong>οὔκ</strong></span> <span class='ocrx_word' id='word_1_200' title='bbox 1121 2695 1312 2764; x_wconf 77' lang='grc' dir='ltr'><strong>ἐπίσταται.</strong></span> 
     </span>
     <span class='ocr_line' id='line_1_23' title="bbox 154 2801 1313 2883; baseline -0.004 -12"><span class='ocrx_word' id='word_1_201' title='bbox 154 2809 250 2872; x_wconf 82' lang='lat' dir='ltr'><strong>tneor</strong></span> <span class='ocrx_word' id='word_1_202' title='bbox 264 2807 403 2870; x_wconf 88' lang='lat' dir='ltr'><strong>hocloco</strong></span> <span class='ocrx_word' id='word_1_203' title='bbox 419 2803 456 2865; x_wconf 86' lang='lat' dir='ltr'><strong>ita</strong></span> <span class='ocrx_word' id='word_1_204' title='bbox 472 2801 631 2881; x_wconf 80' lang='lat' dir='ltr'><strong>tesehpm</strong></span> <span class='ocrx_word' id='word_1_205' title='bbox 643 2801 809 2874; x_wconf 78' lang='lat' dir='ltr'><strong>instituerit,</strong></span> <span class='ocrx_word' id='word_1_206' title='bbox 824 2811 923 2883; x_wconf 89' lang='lat' dir='ltr'><strong>potest</strong></span> <span class='ocrx_word' id='word_1_207' title='bbox 937 2805 1063 2866; x_wconf 81' lang='lat' dir='ltr'><strong>fortasse</strong></span> <span class='ocrx_word' id='word_1_208' title='bbox 1077 2805 1152 2867; x_wconf 92' lang='lat' dir='ltr'><strong>ratio</strong></span> <span class='ocrx_word' id='word_1_209' title='bbox 1163 2805 1241 2869; x_wconf 87' lang='lat' dir='ltr'><strong>haud</strong></span> <span class='ocrx_word' id='word_1_210' title='bbox 1256 2805 1313 2867; x_wconf 93' lang='lat' dir='ltr'><strong>im·</strong></span> 
     </span>
     <span class='ocr_line' id='line_1_24' title="bbox 155 2905 1313 2993; baseline 0 -23"><span class='ocrx_word' id='word_1_211' title='bbox 155 2908 314 2993; x_wconf 89' lang='lat' dir='ltr'><strong>probabilis</strong></span> <span class='ocrx_word' id='word_1_212' title='bbox 338 2906 490 2981; x_wconf 55' lang='lat' dir='ltr'><strong>attonis)</strong></span> <span class='ocrx_word' id='word_1_213' title='bbox 520 2922 698 2984; x_wconf 87' lang='lat' dir='ltr'><strong>quamquam</strong></span> <span class='ocrx_word' id='word_1_214' title='bbox 730 2921 791 2967; x_wconf 93' lang='lat' dir='ltr'><strong>nou</strong></span> <span class='ocrx_word' id='word_1_215' title='bbox 816 2906 986 2986; x_wconf 85' lang='lat' dir='ltr'><strong>repugnabo</strong></span> <span class='ocrx_word' id='word_1_216' title='bbox 1011 2905 1163 2987; x_wconf 84' lang='lat' dir='ltr'><strong>equidem,</strong></span> <span class='ocrx_word' id='word_1_217' title='bbox 1196 2909 1222 2970; x_wconf 87' lang='lat' dir='ltr'><strong>si</strong></span> <span class='ocrx_word' id='word_1_218' title='bbox 1248 2907 1313 2988; x_wconf 89' lang='lat' dir='ltr'><strong>quis</strong></span> 
     </span>
     <span class='ocr_line' id='line_1_25' title="bbox 156 3005 1314 3092; baseline -0.003 -15"><span class='ocrx_word' id='word_1_219' title='bbox 156 3024 285 3078; x_wconf 89' lang='lat' dir='ltr'><strong>erratum</strong></span> <span class='ocrx_word' id='word_1_220' title='bbox 300 3033 316 3076; x_wconf 91' lang='lat' dir='ltr'><strong>a</strong></span> <span class='ocrx_word' id='word_1_221' title='bbox 331 3007 456 3073; x_wconf 88' lang='lat' dir='ltr'><strong>iibrariis</strong></span> <span class='ocrx_word' id='word_1_222' title='bbox 472 3025 539 3070; x_wconf 87' lang='lat' dir='ltr'><strong>esse</strong></span> <span class='ocrx_word' id='word_1_223' title='bbox 555 3005 731 3087; x_wconf 80' lang='lat' dir='ltr'><strong>suspicetur,</strong></span> <span class='ocrx_word' id='word_1_224' title='bbox 754 3007 910 3090; x_wconf 88' lang='lat' dir='ltr'><strong>iocumque</strong></span> <span class='ocrx_word' id='word_1_225' title='bbox 926 3009 965 3072; x_wconf 89' lang='lat' dir='ltr'><strong>ita</strong></span> <span class='ocrx_word' id='word_1_226' title='bbox 979 3009 1115 3091; x_wconf 75' lang='lat' dir='ltr'><strong>refingat.</strong></span> <span class='ocrx_word' id='word_1_227' title='bbox 1133 3021 1167 3074; x_wconf 90' lang='lat' dir='ltr'><strong>ut</strong></span> <span class='ocrx_word' id='word_1_228' title='bbox 1185 3010 1314 3092; x_wconf 91' lang='lat' dir='ltr'><strong>primum</strong></span> 
     </span>
     <span class='ocr_line' id='line_1_26' title="bbox 156 3108 1315 3202; baseline -0.003 -24"><span class='ocrx_word' id='word_1_229' title='bbox 156 3108 244 3202; x_wconf 74' lang='grc' dir='ltr'><strong>ᾤμοι</strong></span> <span class='ocrx_word' id='word_1_230' title='bbox 259 3113 456 3178; x_wconf 84' lang='lat' dir='ltr'><strong>Prometheus</strong></span> <span class='ocrx_word' id='word_1_231' title='bbox 471 3109 609 3172; x_wconf 85' lang='lat' dir='ltr'><strong>exciamet</strong></span> <span class='ocrx_word' id='word_1_232' title='bbox 624 3117 704 3173; x_wconf 84' lang='lat' dir='ltr'><strong>extra</strong></span> <span class='ocrx_word' id='word_1_233' title='bbox 720 3129 852 3182; x_wconf 83' lang='lat' dir='ltr'><strong>tersum.</strong></span> <span class='ocrx_word' id='word_1_234' title='bbox 878 3129 913 3174; x_wconf 91' lang='lat' dir='ltr'><strong>ac</strong></span> <span class='ocrx_word' id='word_1_235' title='bbox 931 3111 1070 3193; x_wconf 80' lang='lat' dir='ltr'><strong>deinceps</strong></span> <span class='ocrx_word' id='word_1_236' title='bbox 1084 3111 1247 3176; x_wconf 84' lang='lat' dir='ltr'><strong>hicrmtrius</strong></span> <span class='ocrx_word' id='word_1_237' title='bbox 1267 3131 1315 3174; x_wconf 81' lang='lat' dir='ltr'><strong>ns·</strong></span> 
     </span>
     <span class='ocr_line' id='line_1_27' title="bbox 154 3209 1316 3302; baseline -0.002 -22"><span class='ocrx_word' id='word_1_238' title='bbox 154 3220 245 3302; x_wconf 90' lang='lat' dir='ltr'><strong>petita</strong></span> <span class='ocrx_word' id='word_1_239' title='bbox 259 3219 362 3282; x_wconf 87' lang='lat' dir='ltr'><strong>eadem</strong></span> <span class='ocrx_word' id='word_1_240' title='bbox 377 3209 584 3278; x_wconf 79' lang='lat' dir='ltr'><strong>exclamatione</strong></span> <span class='ocrx_word' id='word_1_241' title='bbox 604 3231 720 3274; x_wconf 80' lang='lat' dir='ltr'><strong>versum</strong></span> <span class='ocrx_word' id='word_1_242' title='bbox 740 3211 885 3294; x_wconf 85' lang='lat' dir='ltr'><strong>integrum</strong></span> <span class='ocrx_word' id='word_1_243' title='bbox 905 3213 1084 3294; x_wconf 86' lang='lat' dir='ltr'><strong>pronuntiet.</strong></span> <span class='ocrx_word' id='word_1_244' title='bbox 1123 3213 1161 3278; x_wconf 84' lang='lat' dir='ltr'><strong>tu</strong></span> <span class='ocrx_word' id='word_1_245' title='bbox 1178 3215 1256 3277; x_wconf 88' lang='lat' dir='ltr'><strong>hauc</strong></span> <span class='ocrx_word' id='word_1_246' title='bbox 1268 3233 1316 3278; x_wconf 91' lang='lat' dir='ltr'><strong>ra·</strong></span> 
     </span>
     <span class='ocr_line' id='line_1_28' title="bbox 155 3313 1315 3397; baseline -0.005 -11"><span class='ocrx_word' id='word_1_247' title='bbox 155 3323 267 3386; x_wconf 89' lang='lat' dir='ltr'><strong>tionem</strong></span> <span class='ocrx_word' id='word_1_248' title='bbox 281 3319 480 3386; x_wconf 79' lang='lat' dir='ltr'><strong>Lachmanuo.</strong></span> <span class='ocrx_word' id='word_1_249' title='bbox 496 3313 559 3376; x_wconf 86' lang='lat' dir='ltr'><strong>riro</strong></span> <span class='ocrx_word' id='word_1_250' title='bbox 574 3313 851 3394; x_wconf 83' lang='lat' dir='ltr'><strong>intelligentissimo,</strong></span> <span class='ocrx_word' id='word_1_251' title='bbox 863 3315 1010 3397; x_wconf 84' lang='lat' dir='ltr'><strong>placuisse</strong></span> <span class='ocrx_word' id='word_1_252' title='bbox 1021 3315 1141 3380; x_wconf 86' lang='lat' dir='ltr'><strong>memini</strong></span> <span class='ocrx_word' id='word_1_253' title='bbox 1151 3319 1193 3394; x_wconf 81' lang='lat'><strong>³).</strong></span> <span class='ocrx_word' id='word_1_254' title='bbox 1208 3316 1315 3380; x_wconf 78' lang='lat' dir='ltr'><strong>i&#39;erum</strong></span> 
     </span>
     <span class='ocr_line' id='line_1_29' title="bbox 155 3415 1316 3488; baseline -0.005 0"><span class='ocrx_word' id='word_1_255' title='bbox 155 3432 223 3488; x_wconf 91' lang='lat' dir='ltr'><strong>utut</strong></span> <span class='ocrx_word' id='word_1_256' title='bbox 237 3425 274 3487; x_wconf 86' lang='lat' dir='ltr'><strong>de</strong></span> <span class='ocrx_word' id='word_1_257' title='bbox 288 3423 348 3486; x_wconf 90' lang='lat' dir='ltr'><strong>hoc</strong></span> <span class='ocrx_word' id='word_1_258' title='bbox 362 3419 428 3483; x_wconf 92' lang='lat' dir='ltr'><strong>loco</strong></span> <span class='ocrx_word' id='word_1_259' title='bbox 445 3415 591 3488; x_wconf 83' lang='lat' dir='ltr'><strong>statuitur.</strong></span> <span class='ocrx_word' id='word_1_260' title='bbox 602 3415 631 3478; x_wconf 91' lang='lat' dir='ltr'><strong>in</strong></span> <span class='ocrx_word' id='word_1_261' title='bbox 646 3416 770 3480; x_wconf 87' lang='lat' dir='ltr'><strong>aiterum</strong></span> <span class='ocrx_word' id='word_1_262' title='bbox 785 3416 868 3481; x_wconf 88' lang='lat' dir='ltr'><strong>illum</strong></span> <span class='ocrx_word' id='word_1_263' title='bbox 884 3419 983 3482; x_wconf 90' lang='lat' dir='ltr'><strong>lucum</strong></span> <span class='ocrx_word' id='word_1_264' title='bbox 998 3437 1062 3482; x_wconf 90' lang='lat' dir='ltr'><strong>rem</strong></span> <span class='ocrx_word' id='word_1_265' title='bbox 1077 3419 1151 3482; x_wconf 87' lang='lat' dir='ltr'><strong>adeo</strong></span> <span class='ocrx_word' id='word_1_266' title='bbox 1171 3417 1316 3482; x_wconf 83' lang='lat' dir='ltr'><strong>insolitam</strong></span> 
     </span>
     <span class='ocr_line' id='line_1_30' title="bbox 156 3519 1270 3604; baseline -0.004 -14"><span class='ocrx_word' id='word_1_267' title='bbox 156 3536 258 3591; x_wconf 88' lang='lat' dir='ltr'><strong>contra</strong></span> <span class='ocrx_word' id='word_1_268' title='bbox 273 3541 378 3589; x_wconf 89' lang='lat' dir='ltr'><strong>omnes</strong></span> <span class='ocrx_word' id='word_1_269' title='bbox 391 3520 507 3585; x_wconf 86' lang='lat' dir='ltr'><strong>codices</strong></span> <span class='ocrx_word' id='word_1_270' title='bbox 523 3519 616 3582; x_wconf 84' lang='lat' dir='ltr'><strong>inutili</strong></span> <span class='ocrx_word' id='word_1_271' title='bbox 631 3520 799 3584; x_wconf 86' lang='lat' dir='ltr'><strong>coniectura</strong></span> <span class='ocrx_word' id='word_1_272' title='bbox 815 3521 961 3594; x_wconf 78' lang='lat' dir='ltr'><strong>innubere,</strong></span> <span class='ocrx_word' id='word_1_273' title='bbox 975 3521 1013 3596; x_wconf 86' lang='lat' dir='ltr'><strong>id,</strong></span> <span class='ocrx_word' id='word_1_274' title='bbox 1028 3523 1147 3604; x_wconf 84' lang='lat' dir='ltr'><strong>opinor,</strong></span> <span class='ocrx_word' id='word_1_275' title='bbox 1161 3520 1270 3586; x_wconf 81' lang='lat' dir='ltr'><strong>criticis</strong></span> 
     </span>
     <span class='ocr_line' id='line_1_31' title="bbox 322 3623 1125 3702; baseline -0.005 -10"><span class='ocrx_word' id='word_1_276' title='bbox 322 3647 383 3693; x_wconf 91' lang='lat' dir='ltr'><strong>oon</strong></span> <span class='ocrx_word' id='word_1_277' title='bbox 398 3629 438 3702; x_wconf 80' lang='lat' dir='ltr'><strong>di.</strong></span> <span class='ocrx_word' id='word_1_278' title='bbox 454 3647 516 3692; x_wconf 92' lang='lat' dir='ltr'><strong>non</strong></span> <span class='ocrx_word' id='word_1_279' title='bbox 531 3623 677 3698; x_wconf 84' lang='lat' dir='ltr'><strong>homines,</strong></span> <span class='ocrx_word' id='word_1_280' title='bbox 692 3641 755 3686; x_wconf 93' lang='lat' dir='ltr'><strong>nou</strong></span> <span class='ocrx_word' id='word_1_281' title='bbox 770 3640 945 3688; x_wconf 85' lang='lat' dir='ltr'><strong>concessere</strong></span> <span class='ocrx_word' id='word_1_282' title='bbox 960 3624 1125 3690; x_wconf 85' lang='lat' dir='ltr'><strong>columnae.</strong></span> 
     </span>
     <span class='ocr_line' id='line_1_32' title="bbox 242 3725 751 3796; baseline -0.012 0"><span class='ocrx_word' id='word_1_283' title='bbox 242 3733 391 3796; x_wconf 83' lang='lat' dir='ltr'><strong>lacedem</strong></span> <span class='ocrx_word' id='word_1_284' title='bbox 408 3731 542 3795; x_wconf 89' lang='lat' dir='ltr'><strong>oratione</strong></span> <span class='ocrx_word' id='word_1_285' title='bbox 556 3745 672 3792; x_wconf 83' lang='lat' dir='ltr'><strong>uersum</strong></span> <span class='ocrx_word' id='word_1_286' title='bbox 689 3725 751 3790; x_wconf 77' lang='lat'><strong>³54</strong></span> 
     </span>
     <span class='ocr_line' id='line_1_33' title="bbox 347 3817 1126 3922; baseline -0.008 -24"><span class='ocrx_word' id='word_1_287' title='bbox 347 3829 491 3922; x_wconf 74' lang='grc' dir='ltr'><strong>Ίιιφῶνο</strong></span> <span class='ocrx_word' id='word_1_288' title='bbox 511 3828 648 3917; x_wconf 74' lang='grc' dir='ltr'>θοῦρον,</span> <span class='ocrx_word' id='word_1_289' title='bbox 672 3825 779 3893; x_wconf 79' lang='grc' dir='ltr'><strong>πᾶσιν</strong></span> <span class='ocrx_word' id='word_1_290' title='bbox 800 3817 841 3905; x_wconf 75' lang='grc' dir='ltr'><strong>ὃς</strong></span> <span class='ocrx_word' id='word_1_291' title='bbox 862 3821 998 3916; x_wconf 68' lang='grc' dir='ltr'><strong>ἀντέστη</strong></span> <span class='ocrx_word' id='word_1_292' title='bbox 1020 3829 1126 3906; x_wconf 69' lang='grc' dir='ltr'>θεοῖς,</span> 
     </span>
    </p>

    <p class='ocr_par' dir='ltr' id='par_1_4' title="bbox 157 3922 1323 4225">
     <span class='ocr_line' id='line_1_34' title="bbox 157 3922 1320 4020; baseline -0.008 -17"><span class='ocrx_word' id='word_1_293' title='bbox 157 3949 330 4020; x_wconf 89' lang='lat' dir='ltr'><strong>corruptum</strong></span> <span class='ocrx_word' id='word_1_294' title='bbox 352 3955 418 4001; x_wconf 87' lang='lat' dir='ltr'><strong>esse</strong></span> <span class='ocrx_word' id='word_1_295' title='bbox 437 3935 508 3999; x_wconf 87' lang='lat' dir='ltr'><strong>satis</strong></span> <span class='ocrx_word' id='word_1_296' title='bbox 535 3941 660 3998; x_wconf 81' lang='lat' dir='ltr'><strong>constat</strong></span> <span class='ocrx_word' id='word_1_297' title='bbox 703 3931 881 3995; x_wconf 81' lang='lat' dir='ltr'><strong>Wieseierus</strong></span> <span class='ocrx_word' id='word_1_298' title='bbox 906 3922 1012 3994; x_wconf 77' lang='grc' dir='ltr'><strong>πάλιν</strong></span> <span class='ocrx_word' id='word_1_299' title='bbox 1030 3949 1086 4012; x_wconf 91' lang='lat' dir='ltr'><strong>pro</strong></span> <span class='ocrx_word' id='word_1_300' title='bbox 1106 3925 1212 3994; x_wconf 77' lang='grc' dir='ltr'><strong>πᾶσιν</strong></span> <span class='ocrx_word' id='word_1_301' title='bbox 1232 3931 1320 3994; x_wconf 80' lang='lat' dir='ltr'><strong>scribi</strong></span> 
     </span>
     <span class='ocr_line' id='line_1_35' title="bbox 157 4033 1322 4121; baseline -0.009 -15"><span class='ocrx_word' id='word_1_302' title='bbox 157 4043 254 4113; x_wconf 84' lang='lat' dir='ltr'><strong>iubet,</strong></span> <span class='ocrx_word' id='word_1_303' title='bbox 273 4041 361 4121; x_wconf 81' lang='lat' dir='ltr'><strong>itique</strong></span> <span class='ocrx_word' id='word_1_304' title='bbox 376 4037 479 4103; x_wconf 85' lang='lat' dir='ltr'><strong>reierri</strong></span> <span class='ocrx_word' id='word_1_305' title='bbox 494 4039 555 4100; x_wconf 85' lang='lat' dir='ltr'><strong>ruit</strong></span> <span class='ocrx_word' id='word_1_306' title='bbox 570 4036 606 4101; x_wconf 81' lang='lat' dir='ltr'><strong>ad</strong></span> <span class='ocrx_word' id='word_1_307' title='bbox 620 4051 751 4116; x_wconf 89' lang='lat' dir='ltr'><strong>pugnarn</strong></span> <span class='ocrx_word' id='word_1_308' title='bbox 767 4033 891 4098; x_wconf 77' lang='lat' dir='ltr'><strong>Atlantis</strong></span> <span class='ocrx_word' id='word_1_309' title='bbox 906 4042 1009 4097; x_wconf 88' lang='lat' dir='ltr'><strong>contra</strong></span> <span class='ocrx_word' id='word_1_310' title='bbox 1023 4033 1112 4107; x_wconf 83' lang='lat' dir='ltr'><strong>deos,</strong></span> <span class='ocrx_word' id='word_1_311' title='bbox 1130 4051 1191 4115; x_wconf 88' lang='lat' dir='ltr'><strong>qno</strong></span> <span class='ocrx_word' id='word_1_312' title='bbox 1209 4033 1322 4096; x_wconf 73' lang='grc' dir='ltr'><strong>ιιοιίοιο</strong></span> 
     </span>
     <span class='ocr_line' id='line_1_36' title="bbox 157 4135 1323 4225; baseline -0.007 -20"><span class='ocrx_word' id='word_1_313' title='bbox 157 4141 285 4225; x_wconf 72' lang='lat' dir='ltr'><strong>Typhon</strong></span> <span class='ocrx_word' id='word_1_314' title='bbox 299 4158 406 4204; x_wconf 86' lang='lat' dir='ltr'><strong>rursus</strong></span> <span class='ocrx_word' id='word_1_315' title='bbox 420 4139 526 4203; x_wconf 85' lang='lat' dir='ltr'><strong>bellum</strong></span> <span class='ocrx_word' id='word_1_316' title='bbox 543 4137 579 4202; x_wconf 87' lang='lat' dir='ltr'><strong>iis</strong></span> <span class='ocrx_word' id='word_1_317' title='bbox 594 4135 731 4200; x_wconf 80' lang='lat' dir='ltr'><strong>intulerit</strong></span> <span class='ocrx_word' id='word_1_318' title='bbox 775 4135 834 4199; x_wconf 85' lang='lat' dir='ltr'><strong>Sed</strong></span> <span class='ocrx_word' id='word_1_319' title='bbox 856 4135 958 4200; x_wconf 82' lang='lat' dir='ltr'><strong>dubito</strong></span> <span class='ocrx_word' id='word_1_320' title='bbox 977 4155 1032 4217; x_wconf 90' lang='lat' dir='ltr'><strong>ego</strong></span> <span class='ocrx_word' id='word_1_321' title='bbox 1051 4135 1171 4218; x_wconf 82' lang='lat' dir='ltr'><strong>guidem</strong></span> <span class='ocrx_word' id='word_1_322' title='bbox 1196 4153 1323 4216; x_wconf 82' lang='lat' dir='ltr'><strong>magno·</strong></span> 
     </span>
    </p>
   </div>
   <div class='ocr_carea' id='block_1_4' title="bbox 226 4356 823 4518">
    <p class='ocr_par' dir='ltr' id='par_1_5' title="bbox 226 4356 823 4518">
     <span class='ocr_line' id='line_1_37' title="bbox 226 4356 823 4432; baseline -0.022 -11"><span class='ocrx_word' id='word_1_323' title='bbox 226 4365 303 4432; x_wconf 76' lang='lat' dir='ltr'><strong>²)CP.</strong></span> <span class='ocrx_word' id='word_1_324' title='bbox 315 4363 451 4418; x_wconf 75' lang='lat' dir='ltr'><strong>himmas.</strong></span> <span class='ocrx_word' id='word_1_325' title='bbox 469 4361 530 4430; x_wconf 70' lang='lat' dir='ltr'><strong>u&#39;pih</strong></span> <span class='ocrx_word' id='word_1_326' title='bbox 542 4361 624 4414; x_wconf 73' lang='lat' dir='ltr'><strong>iaetu</strong></span> <span class='ocrx_word' id='word_1_327' title='bbox 637 4365 712 4412; x_wconf 75' lang='lat' dir='ltr'><strong>uste.</strong></span> <span class='ocrx_word' id='word_1_328' title='bbox 725 4372 751 4426; x_wconf 85' lang='lat' dir='ltr'><strong>p.</strong></span> <span class='ocrx_word' id='word_1_329' title='bbox 764 4356 823 4410; x_wconf 77' lang='lat' dir='ltr'><strong>stu</strong></span> 
     </span>
     <span class='ocr_line' id='line_1_38' title="bbox 227 4445 580 4518; baseline -0.014 -16"><span class='ocrx_word' id='word_1_330' title='bbox 227 4449 255 4516; x_wconf 74' lang='grc'><strong>8)</strong></span> <span class='ocrx_word' id='word_1_331' title='bbox 268 4450 305 4504; x_wconf 83' lang='lat' dir='ltr'><strong>bs</strong></span> <span class='ocrx_word' id='word_1_332' title='bbox 317 4449 389 4502; x_wconf 81' lang='lat' dir='ltr'><strong>ahor.</strong></span> <span class='ocrx_word' id='word_1_333' title='bbox 402 4455 469 4518; x_wconf 67' lang='lat' dir='ltr'><strong>spot.</strong></span> <span class='ocrx_word' id='word_1_334' title='bbox 483 4462 507 4517; x_wconf 86' lang='lat' dir='ltr'><strong>p.</strong></span> <span class='ocrx_word' id='word_1_335' title='bbox 523 4445 580 4498; x_wconf 76' lang='lat'><strong>12⁴.</strong></span> 
     </span>
    </p>
   </div>
   <div class='ocr_carea' id='block_1_5' title="bbox 0 0 1555 4954">
    <p class='ocr_par' dir='ltr' id='par_1_6' title="bbox 0 0 1555 4954">
     <span class='ocr_line' id='line_1_39' title="bbox 0 0 1555 4954; baseline 0 0"><span class='ocrx_word' id='word_1_336' title='bbox 0 0 1555 4954; x_wconf 95' lang='lat' dir='ltr'><strong> </strong></span> 
     </span>
    </p>
   </div>
  </div>
 </body>
</html>
