3092 4964
714 501 917 602 *ιιι-

237 698 446 756 commemorat
460 689 570 754 Oecon.
591 709 615 753 e.
632 693 665 764 l,
680 689 774 754 6-8.
809 689 895 774 spot
916 690 1040 754 eundem
1056 711 1081 754 c.
1100 691 1149 766 12,
1164 691 1205 755 20
1221 690 1291 755 illud
1306 689 1393 754 etiarn

237 795 357 860 relatum
377 803 436 870 est,
460 793 540 876 quot
558 792 782 877 Theophrastus
800 793 902 876 paullo
922 794 994 858 inira
1015 793 1111 858 laudet
1130 815 1160 878 p.
1181 797 1216 872 9,
1236 798 1269 868 l,
1288 795 1394 860 Persae

236 899 385 962 ettiusdam
401 896 521 975 dietum,
536 897 585 981 qui
601 897 806 979 interrogatus,
822 889 856 961 σι’
869 891 1016 979 μάλιστα
1027 895 1137 964 ἵππον
1147 891 1288 978 πιαίνει,
1304 889 1395 963 ὁτοῦ

235 996 400 1068 δεσπότου
415 993 605 1090 ὀφθαλμός,
621 1002 789 1086 respondit:
805 1002 887 1066 euius
903 1003 985 1085 plura
1000 1003 1103 1067 similia
1112 1005 1190 1086 apud
1200 1004 1274 1068 allos
1285 1011 1394 1067 estant.

189 1113 219 1165 tn
235 1107 297 1172 lid.
318 1109 478 1172 Burmann.
497 1116 527 1172 et
542 1107 676 1171 Sebweh.
697 1106 733 1170 ad
753 1105 876 1170 Phaedr.
897 1107 921 1170 ll
938 1107 993 1170 lab.
1010 1107 1039 1184 9,
1054 1106 1104 1171 28.
1136 1107 1256 1172 Gesner.
1276 1107 1312 1172 ad
1333 1107 1393 1170 Cat.

235 1211 269 1274 ll.
281 1211 316 1274 ll.
329 1214 360 1286 4,
372 1211 401 1276 2.
432 1206 483 1276 Tri
498 1205 686 1275 Λακωνικὰ
700 1221 796 1274 autem
811 1210 879 1292 quid
896 1211 955 1274 sint
970 1210 1126 1275 obscurius
1140 1220 1194 1274 est.
1223 1211 1297 1275 Nam
1314 1210 1394 1294 ιμιοδ

235 1314 427 1396 Goettlingius
445 1317 530 1378 allert
548 1313 667 1377 Catonis
686 1322 875 1395 praeceptum
892 1314 927 1377 ll.
944 1315 977 1377 ll.
994 1334 1018 1378 e.
1036 1314 1069 1390 2,
1085 1315 1115 1390 t,
1128 1326 1244 1398 petrem
1262 1314 1397 1396 [emilius
1426 1359 1427 1362 ,
1512 1319 1514 1323 '

233 1419 402 1490 vendacem,
420 1437 482 1481 ιιοιι
500 1436 625 1480 emaum
644 1435 704 1479 ease
722 1428 869 1498 oportere,
889 1416 1017 1498 tumque
1036 1417 1113 1482 aliud
1132 1437 1168 1480 ex
1187 1417 1281 1481 Plinio
1302 1418 1337 1480 ll.
1358 1416 1394 1482 h.

234 1519 336 1596 Xh'lll,
356 1523 376 1584 5
395 1540 420 1584 s.
438 1521 474 1595 6,
495 1539 584 1602 epra,
610 1529 643 1582 ut
655 1518 780 1592 hornhrr',
800 1522 933 1602 promeris
947 1533 1137 1603 quaestuosus
1149 1523 1200 1594 sit,
1220 1525 1248 1584 ιι·
1260 1533 1355 1584 tomen
1370 1531 1396 1583 et

232 1635 426 1707 ιαιιιμιιιοιιιι,
441 1641 501 1686 νιοο
515 1621 637 1686 multum
656 1639 817 1704 superesse,
837 1621 925 1703 idque
944 1622 1000 1686 sibi
1020 1623 1060 1686 ait
1078 1623 1168 1686 rideri
1187 1641 1253 1687 tere
1268 1623 1395 1687 baconi-

233 1745 299 1791 eunt
324 1745 393 1790 esse
415 1735 620 1808 praeseptum:
649 1725 783 1807 quamvis
806 1725 845 1788 sit
862 1725 1040 1790 Laconicum
1063 1759 1104 1772 -
1126 1724 1197 1788 nolo
1216 1727 1295 1788 enim
1316 1745 1396 1790 nune

232 1841 334 1896 eontra
359 1831 456 1894 dicere
481 1863 523 1876 -
549 1837 646 1892 tamen
671 1828 742 1892 nihil
768 1830 900 1910 prolecto
923 1830 961 1893 erl
986 1829 1176 1894 eustodiendo
1203 1829 1282 1893 hone
1308 1837 1395 1910 atque

234 1934 428 2017 inspicienda,
454 1933 505 1996 sed
532 1933 567 1997 ed
594 1930 793 2014 eornparunda
819 1932 917 2014 potius
942 1946 973 1998 et
992 1935 1122 2015 augenda
1149 1933 1297 2017 pertinere
1322 1934 1396 1996 late·

235 2037 341 2101 bimur.
382 2037 482 2118 h'eque
502 2037 568 2119 plus
591 2035 762 2116 prulleimus
782 2053 816 2098 ex
837 2035 872 2099 iis
893 2055 967 2119 quae
981 2037 1150 2112 Muellerus,
1176 2037 1244 2100 item
1261 2057 1277 2100 a
1292 2037 1395 2100 Goett-

234 2139 322 2222 lingio
348 2140 469 2214 eltutus,
495 2141 531 2201 de
557 2139 708 2202 Laeonum
735 2139 907 2202 oeconomia
933 2139 1019 2204 dooet
1044 2141 1113 2204 Dor.
1137 2151 1209 2204 toru.
1229 2141 1254 2203 ll
1273 2161 1301 2222 p.
1318 2139 1395 2204 204:

235 2253 333 2325 patros
360 2242 481 2306 lararilias
506 2241 566 2322 agri
593 2240 639 2306 sui
664 2251 854 2324 proventum,
880 2242 955 2306 he.
980 2245 1078 2327 fruges
1101 2255 1130 2309 et
1149 2246 1261 2310 lruetus
1280 2243 1316 2308 ab
1336 2243 1395 2306 lle·

234 2347 342 2411 letibus
361 2347 474 2410 colonis
493 2355 644 2429 acceptos,
668 2347 699 2410 in
725 2348 823 2410 lorum
845 2357 1002 2429 apportare
1021 2347 1118 2431 ibique
1138 2349 1286 2412 coterellis
1306 2347 1394 2412 rebus

234 2451 406 2516 necessariis
421 2459 589 2533 permutare
604 2451 708 2514 solitos
728 2449 828 2513 luisse.
857 2450 932 2515 Nam
951 2472 988 2515 ne
1007 2452 1066 2516 hoo
1084 2452 1201 2534 quidem
1221 2453 1341 2535 proprie
1359 2452 1395 2516 ad

234 2555 396 2618 custodiant
412 2554 550 2635 pertinet,
565 2563 594 2616 et
608 2573 678 2616 nrox
693 2553 751 2616 hoe
765 2553 864 2634 ipsum
881 2555 1102 2637 Theophrastus
1118 2554 1155 2618 de
1170 2555 1395 2618 Atheniensibus

234 2657 314 2722 dicit:
335 2650 580 2739 ἀποδιδόμενοι
595 2647 768 2734 ὠνοῦνται,
783 2674 878 2738 neque
892 2677 969 2740 opus
984 2658 1073 2722 estin
1090 2659 1186 2741 porris
1202 2658 1396 2733 oeconomiis,

235 2762 346 2842 (quales
361 2761 470 2825 scilieet
483 2770 566 2824 erant
579 2761 639 2823 lere
653 2759 902 2838 Atheniensium),
922 2751 941 2846 ἦ
961 2757 1020 2825 τοῦ
1038 2753 1192 2843 ταμιείου
1209 2755 1308 2839 θέσις
1325 2762 1354 2825 Ιι.
1370 2782 1395 2824 ε.

235 2864 330 2928 Ιιοιτσί
346 2883 372 2926 s.
387 2863 542 2928 conditorii
557 2864 593 2927 ad
609 2863 803 2926 asservandus
819 2865 1088 2946 custodiendosque
1099 2867 1212 2930 lruetus
1224 2865 1396 2948 comparati.

234 2967 417 3033 blauilestum
437 2977 482 3031 est
501 2967 580 3030 eninr
601 2957 847 3048 ἀποδιδόμενον
861 2957 1024 3032 ὠνεῖσθαι
1044 2968 1116 3032 nihil
1135 2969 1211 3032 aliud
1232 2969 1397 3050 siguificare

235 3090 337 3153 posse,
358 3091 446 3154 quem
466 3071 647 3136 venditarum
668 3089 767 3134 rerum
789 3071 884 3153 pretio
909 3072 1008 3135 statim
1031 3072 1101 3135 alias
1128 3073 1235 3155 quihus
1259 3091 1335 3154 opus
1361 3072 1401 3136 sit

236 3193 383 3251 enomere,
403 3174 432 3238 hl
448 3175 527 3256 quod
543 3174 616 3238 nibil
632 3191 811 3256 niagnepere
825 3174 975 3257 discrepat
990 3175 1026 3238 ab
1040 3195 1076 3238 eo
1092 3194 1188 3250 more,
1203 3195 1289 3258 quem
1305 3175 1398 3239 Laco-

235 3295 307 3342 num
322 3278 412 3342 luisse
426 3278 580 3342 hluellerus
596 3277 709 3341 docuit:
724 3286 754 3340 et
768 3277 825 3340 hos
839 3296 957 3359 quoque
971 3276 1122 3360 probabile
1137 3289 1182 3342 est
1197 3280 1310 3342 lruetus
1326 3298 1398 3342 suos

235 3401 296 3446 non
311 3383 384 3466 ipsis
399 3400 517 3465 semper
532 3379 687 3456 mercibus,
703 3381 756 3444 sed
772 3399 860 3463 saepe
875 3380 961 3445 etiam
972 3381 1104 3445 nummis
1115 3392 1310 3464 permutasse,
1322 3382 1399 3446 unde

236 3496 304 3570 post
323 3507 397 3570 quae
415 3487 519 3550 uellent
538 3491 751 3568 comparerent.
780 3483 880 3566 ltaque
899 3484 978 3548 iilum
1000 3483 1117 3568 quidem
1132 3484 1310 3550 Laconicum
1331 3504 1398 3549 me·

237 3611 312 3670 rent,
332 3612 419 3676 quem
435 3590 659 3674 Theophrastus
674 3609 742 3654 eum
758 3587 876 3653 l'ersieo
893 3589 1060 3673 consponit,
1080 3588 1116 3654 ob
1136 3589 1207 3666 hoc,
1227 3607 1315 3672 quem
1335 3589 1399 3674 ipse

236 3696 362 3762 Atticum
387 3706 483 3773 uocat,
509 3695 658 3758 diversum
682 3713 749 3758 esse
774 3702 904 3777 apparet
938 3696 1032 3776 atquo
1056 3693 1135 3758 hune
1158 3693 1275 3776 quidem
1301 3693 1398 3776 parus

237 3800 475 3883 possessionuhus
489 3809 590 3882 aptum
605 3818 671 3862 esse
685 3817 776 3880 quum
793 3798 931 3862 hocloco
946 3797 1104 3880 signifieat,
1120 3806 1182 3861 tum
1197 3797 1285 3862 etiam
1301 3797 1397 3879 paullo

236 3903 310 3966 inlra
325 3922 356 3985 p.
368 3903 397 3979 9,
413 3903 449 3966 ut
468 3907 636 3985 prolitetur:
652 3895 687 3966 έν
699 3895 761 3984 μέν
774 3887 832 3966 οὖν
844 3901 920 3979 ταῖς
932 3901 1068 3988 μικραῖς
1081 3892 1269 3987 κτήσεσινδ
1285 3891 1400 3965 Ἀττι-

235 4001 292 4084 κὸς
308 3999 437 4090 τρόπος
453 4002 511 4092 τῆς
532 3999 722 4080 διαθέσεως
739 4001 805 4068 τῶν
823 3999 1039 4088 δπικαρπιιΐιν
1055 3996 1225 4090 χρήσιμος.
1242 4003 1316 4068 Num
1336 4021 1399 4067 nen

236 4108 319 4172 uliam
333 4108 391 4173 hoe
404 4110 471 4173 loeo
487 4103 647 4174 desidente
660 4107 818 4189 significari
827 4106 962 4184 arbitror,
976 4125 1064 4189 quero
1081 4125 1155 4190 quoe
1169 4125 1260 4188 supra
1275 4106 1400 4171 indicata

237 4220 297 4289 est,
318 4200 564 4294 ἀποδιδόμενον
581 4203 758 4292 ω’νεῖσδαι,
785 4221 818 4276 ut
835 4210 1023 4294 supersederi
1042 4209 1139 4294 possit
1153 4210 1268 4291 magnis
1283 4208 1399 4275 horrus
1482 4201 1484 4205 ’

238 4323 267 4376 rt
281 4332 406 4397 operosa
422 4315 546 4398 quadam
562 4315 696 4381 custodia
711 4325 741 4382 et
754 4315 959 4400 dispositione.
984 4313 1092 4381 Contra
1107 4314 1138 4378 in
1152 4325 1300 4398 magnast
1316 4312 1399 4376 loeu-

239 4416 316 4498 plete
329 4417 420 4481 dorne
434 4418 511 4483 aliud
532 4414 721 4498 διαθέσεως
735 4438 829 4502 penus
843 4439 911 4485 esse
924 4417 1020 4498 iubet,
1040 4411 1327 4507 διαμερισθέντων
1340 4410 1400 4479 καὶ

238 4515 303 4584 τῶν
317 4514 404 4608 πρὸς
417 4513 568 4588 tremos
581 4519 638 4590 καὶ
654 4521 720 4590 τῶν
733 4519 818 4590 need
830 4519 919 4610 μῆνα
933 4517 1193 4605 δαπανωμένων,
1212 4519 1292 4604 quod
1311 4518 1398 4584 etiarn
