3106 4958
752 509 796 576 86

197 704 310 784 tongins
335 716 454 762 carmen
480 717 635 761 erasurum
663 698 766 760 fuisset
791 715 847 760 nec
872 697 952 760 facile
981 703 1079 758 mente
1100 697 1356 778 complectendum

199 797 435 882 (adadremon),
455 803 517 864 siro
531 801 625 882 quod,
644 801 758 862 etiarnsi
775 819 913 862 naensora
928 799 1093 872 modicum,
1108 800 1244 861 varietate
1260 811 1358 862 tanren

197 907 282 969 niuria
298 905 465 968 intricatum
481 906 566 978 soret,
582 909 679 984 (atque
694 901 738 964 sie
753 920 856 964 rursus
882 919 943 964 non
963 891 1186 978 εὐσύνοπτον).
1231 902 1360 982 Apparet

198 1009 283 1090 igitar
303 1009 433 1070 iiorrrero
459 1005 566 1086 aliquid
591 1005 718 1086 amplius
744 1003 830 1067 tribui
851 1012 966 1084 praetor
984 1003 1105 1066 unitatis
1125 1022 1241 1077 curam,
1261 1020 1359 1084 quant,

198 1122 307 1173 utnon
328 1110 458 1190 ignotam
478 1107 634 1170 tertoribus
654 1117 683 1170 et
705 1107 762 1169 ianr
781 1125 871 1187 supra
887 1105 1082 1186 praedicatam
1100 1111 1138 1184 (c.
1156 1107 1200 1178 st,
1221 1105 1358 1167 hocloco

198 1213 301 1276 iterum
313 1214 421 1275 diserte
436 1209 661 1273 rorrnnernorari
677 1228 737 1271 non
754 1228 874 1271 necesse
890 1209 956 1270 iuit:
972 1209 1025 1270 seri
1040 1218 1086 1271 est
1101 1218 1197 1271 tarnen
1214 1207 1258 1281 id,
1279 1207 1358 1288 quod

198 1335 276 1378 nunc
289 1317 319 1379 in
334 1336 370 1376 eo
386 1314 528 1386 laudatur,
542 1331 610 1376 curu
626 1313 671 1376 iila
686 1312 806 1376 unitatis
822 1330 889 1374 rura
902 1311 1049 1374 artissime
1061 1312 1261 1374 coniunctura.
1284 1309 1360 1372 Naar

200 1431 230 1482 ut
254 1419 366 1500 percipi
395 1417 491 1480 unitas
511 1416 701 1491 carruioisalr
723 1415 909 1478 auditoribus
929 1415 1034 1496 possit,
1053 1433 1176 1478 necasse
1201 1424 1247 1477 est
1265 1431 1360 1494 neque

199 1522 314 1603 longius
341 1523 398 1583 iroc
422 1541 502 1591 οιιο,
527 1539 614 1601 quoru
634 1519 714 1602 quod
735 1519 798 1580 sino
824 1517 956 1580 ruoirstia
982 1518 1121 1598 cognosci
1144 1527 1239 1580 totum
1266 1524 1361 1598 queat,

199 1644 290 1706 noque
305 1623 394 1686 nimia
409 1642 507 1686 rerunt
524 1627 658 1686 varietate
674 1622 835 1703 irupioturn,
850 1641 934 1704 quae,
949 1621 1037 1684 etianr
1053 1620 1078 1683 si
1094 1639 1154 1683 noa
1171 1629 1281 1702 pugnet
1293 1638 1360 1681 curn

200 1728 317 1798 unitate.
333 1727 416 1790 tacite
431 1738 528 1790 tarrrrn
544 1747 608 1790 earu
630 1727 770 1789 ribacuret
787 1736 817 1789 et
835 1725 941 1789 anicia
963 1725 1128 1789 intellectui.
1174 1725 1256 1787 itanc
1272 1722 1361 1804 igitur

200 1832 237 1894 ob
252 1851 370 1895 causans
386 1830 533 1894 ΙΙοιιιειιιι
549 1850 636 1894 unam
652 1839 765 1892 ιοιιιιιιιι
781 1842 894 1910 panna
905 1829 971 1891 belii
982 1829 1102 1892 Troiani
1114 1827 1170 1890 sibi
1183 1827 1361 1890 tractandam

200 1935 373 2016 nuncupacione,
388 1935 422 1996 dr
440 1933 542 1996 ceteris
557 1945 655 1996 autem
670 1933 802 2015 reprisodia
819 1933 930 2014 possim
946 1931 1106 1994 intonuisse
1121 1931 1239 1993 dicitur:
1256 1931 1311 1992 νῦν
1326 1923 1364 1991 δὲ

203 2028 238 2100 ἲν
257 2031 357 2118 μέρος
378 2027 561 2118 ἀπολαβών
583 2028 794 2111 ἐπεισοδίοις
816 2031 969 2120 κέχρηται
993 2026 1094 2096 αὐτοῦ
1122 2029 1268 2109 πολλοῖς,
1291 2017 1364 2095 οἷον

172 2127 174 2130 ’
202 2135 281 2202 νεῶν
306 2133 478 2224 καταλόγῳ
505 2134 560 2200 καὶ
589 2130 702 2214 ἄλλοις
726 2129 950 2213 ἐπεισοδίοις,
978 2123 1030 2212 οἷς
1056 2129 1278 2217 διαλαμβάνει
1305 2129 1365 2219 τήν

202 2236 348 2328 ποίησιν.
393 2244 594 2323 Opponuntur
618 2243 722 2303 deinde
744 2241 872 2302 iioruoro
893 2239 979 2302 ceteri
1000 2249 1117 2321 poetae:
1154 2229 1186 2300 oi
1210 2230 1242 2299 δ’
1266 2228 1364 2300 ἄλλοι

203 2341 279 2426 περὶ
303 2338 360 2406 i'ro
382 2341 533 2421 ποιοῦσι,
556 2339 610 2407 καὶ
636 2339 714 2426 περὶ
738 2337 796 2406 λ’να
817 2338 940 2425 χρόνον,
963 2339 1019 2405 καὶ
1041 2334 1122 2424 μίαν
1149 2337 1271 2426 πρᾶξιν
1299 2362 1365 2403 πο-

202 2443 333 2534 λυμερῆ,
359 2433 432 2510 οἷον
458 2440 477 2510 ὁ
504 2443 547 2509 eoi
575 2441 713 2532 Κύπρια
739 2441 888 2532 ποιήσας
914 2443 971 2509 καὶ
997 2441 1056 2531 τὴν
1080 2441 1203 2529 μικρὰν
1227 2437 1363 2506 Ἰλιάδα.
1390 2505 1391 2510 ,

203 2551 235 2612 ia
251 2551 298 2612 iris
312 2551 382 2630 quid
398 2551 437 2612 sit
458 2545 535 2632 περὶ
552 2542 608 2610 λ’να
624 2551 745 2626 ποιεῖν,
761 2568 821 2611 non
835 2550 994 2612 obscurum
1005 2558 1064 2611 est:
1080 2549 1270 2629 designantur
1285 2547 1364 2608 enirn

203 2651 254 2722 iili,
273 2653 310 2713 ιΙο
329 2651 436 2732 quibus
456 2671 519 2732 cap.
541 2651 560 2712 8
580 2651 690 2714 dictour
711 2659 771 2725 est,
787 2646 862 2714 ὅσοι
890 2653 956 2714 τῶν
983 2646 1133 2736 ποιητῶν
1155 2641 1365 2735 Ἡρακληΐδα

203 2749 258 2815 καὶ
288 2748 442 2838 &perside
470 2747 526 2817 καλ
557 2749 600 2815 rei
627 2755 767 2816 cornicor
794 2749 969 2838 ποιήματα
1002 2745 1227 2838 πεποιήκασι,
1258 2752 1365 2833 quibus

202 2856 389 2929 carminibus,
404 2876 494 2938 qutun
510 2855 633 2918 varietas
650 2875 750 2918 rerunt
767 2857 845 2918 nudo
861 2858 976 2918 interno
992 2856 1106 2918 vinculo
1122 2854 1291 2929 eoiraereat,
1311 2855 1364 2916 sed

203 2979 237 3019 eo
250 2970 363 3021 tantuna
376 2969 574 3030 connectatur,
588 2959 667 3038 quod
678 2959 768 3020 unius
780 2957 910 3019 ironrinis
922 2976 968 3019 res
981 2967 1060 3031 sunt,
1071 2977 1169 3019 reram
1181 2965 1211 3018 et
1222 2957 1365 3037 poeticam

204 3061 344 3122 unitateur
365 3042 468 3123 ariense
487 3070 616 3142 apparet.
658 3060 716 3123 Sed
737 3061 773 3122 de
793 3060 935 3139 proximis
956 3059 1052 3120 retnis
1072 3059 1220 3138 anririgere
1240 3062 1366 3122 sortasse

205 3161 306 3242 aliquis
322 3161 427 3242 possit,
442 3172 540 3224 utnon
556 3161 759 3241 coraiungenda
770 3161 829 3224 siut
841 3161 871 3224 in
883 3162 962 3224 irunc
974 3161 1104 3232 modum,
1119 3172 1151 3224 ut
1162 3171 1265 3243 poetae
1276 3163 1364 3225 unius

205 3265 348 3344 temporis
364 3265 508 3327 actionoru
526 3284 611 3326 ιιιιοιιι
628 3265 679 3326 sard
697 3264 885 3345 oudtipiiceur
902 3274 1025 3328 tractare
1039 3263 1185 3338 dicantur,
1205 3283 1241 3326 an
1263 3275 1365 3328 eontra

206 3367 263 3440 sic,
288 3376 321 3429 ut
340 3367 385 3429 aiii
401 3367 473 3438 siut,
499 3367 558 3448 rpri
577 3387 650 3450 quae
670 3385 731 3428 ιιιιο
752 3367 893 3448 temporis
913 3369 1009 3450 spatio
1025 3367 1186 3439 evenerint,
1210 3379 1365 3449 propterea

162 3483 188 3534 ιι
206 3471 291 3531 ctiam
311 3470 465 3550 corripienti
487 3470 583 3532 onuria
608 3471 694 3533 uelint
714 3469 894 3532 rrecossariac
913 3479 963 3532 aut
977 3469 1138 3551 probabilis
1163 3489 1262 3532 rerurn
1289 3471 1365 3532 inter

206 3591 237 3633 se
251 3571 452 3634 coiraerrntiae
467 3589 569 3650 paritor
585 3570 704 3644 curiosi,
719 3607 761 3618 -
780 3572 1031 3654 quemadmodum
1053 3570 1149 3653 prouiio
1165 3582 1233 3634 ante
1253 3591 1313 3634 non
1328 3573 1363 3634 ad

204 3672 391 3736 historiarum
414 3674 506 3736 instar
529 3684 663 3755 perarata
684 3675 772 3738 scribi
793 3675 897 3738 (debere
917 3674 1046 3748 monuit,
1066 3709 1108 3720 ·-
1123 3675 1169 3738 aiii
1184 3685 1294 3750 autem,
1314 3675 1365 3755 qui

204 3795 290 3840 unani
306 3777 425 3858 quidem
440 3777 596 3850 actionem,
611 3777 661 3838 sed
677 3797 741 3840 earu
759 3778 957 3860 ruuitipticenr,
973 3773 1165 3863 (πολυμερῆ)
1185 3787 1363 3858 proponant.

204 3879 265 3942 iioc
279 3881 357 3944 iraud
377 3879 463 3942 διιΙιίο
478 3899 578 3943 reruru
600 3889 659 3952 est;
679 3881 825 3963 siquidem
846 3882 875 3942 in
896 3881 982 3944 unius
1005 3881 1146 3962 ternporis
1168 3879 1283 3943 actione
1306 3899 1364 3942 una

204 3981 354 4061 rarrrltipiici
370 4001 429 4046 non
444 3993 522 4064 certe
536 3983 605 4047 iliud
621 3984 795 4065 reprehendi
811 3992 919 4064 potest,
934 3985 1013 4065 quod
1029 3983 1117 4047 unius
1133 3983 1289 4064 temporis,
1311 3985 1363 4047 sed

203 4083 260 4144 troc
280 4093 407 4156 tarrtunr,
427 4085 506 4166 quod
526 4087 677 4168 multiplex
695 4085 743 4148 sit.
788 4087 861 4149 Nara
881 4087 917 4149 ad
938 4086 1062 4149 aetionis
1077 4086 1219 4149 unitatem
1236 4087 1261 4150 si
1275 4087 1363 4149 etiam

205 4181 348 4262 temporis
374 4184 469 4247 unitas
487 4188 610 4262 aceedit,
638 4187 666 4250 id
685 4185 762 4250 laudi
781 4187 881 4268 potius
900 4207 989 4268 quarn
1004 4189 1073 4253 uitio
1098 4189 1270 4252 vertendum
1296 4207 1364 4250 esse

202 4293 334 4366 apparet
368 4283 469 4366 Neque
488 4288 662 4368 requirenda
682 4299 729 4352 est
747 4287 927 4370 praepositio
944 4283 1023 4373 napi
1041 4300 1109 4354 ante
1122 4281 1204 4371 pior
1225 4283 1361 4370 πρᾶξινι

201 4403 269 4449 urm
284 4405 319 4448 ea
335 4385 497 4448 necessarie
514 4387 567 4449 tuit
580 4391 658 4470 apud
679 4383 736 4453 ἕνα
757 4383 873 4472 χρόνον
886 4399 937 4453 aut
952 4383 1009 4454 ive
1030 4383 1248 4477 (ἄνθρωπον),
1267 4405 1362 4469 quan·

200 4487 359 4570 doquideru
382 4497 470 4568 poeta
492 4505 553 4550 non
573 4489 670 4571 ipsura
690 4500 809 4572 tempus
825 4499 876 4554 aut
889 4491 988 4572 ipsum
1003 4492 1157 4557 hominem
1174 4487 1287 4555 ποιεῖν
1305 4488 1363 4552 dici
