3106 4958
735 447 777 510 tt

658 529 860 546 ...ὼε-ιιι

180 628 341 699 πλειόνων
355 627 507 718 πράξεων
524 617 548 720 ᾖ
573 628 778 721 συγκειμένη,
794 625 833 699 od
846 623 909 716 pie
921 654 962 698 ae.
977 624 1072 699 ἔσται
1084 645 1134 700 aut
1145 630 1339 724 φανήσεται.

180 737 241 799 ttee
258 728 298 798 ed
318 729 385 816 pie
406 755 468 800 nen
487 736 576 800 nimis
597 741 759 820 urgendum
776 756 905 802 eederet
928 739 991 821 ipsa
1008 740 1107 801 deeet:
1126 751 1248 822 apparet
1261 743 1339 806 enim

179 837 245 901 nibil
261 836 340 900 atiud
355 837 511 918 significari
525 859 613 920 quam
629 842 708 922 ‹pued
723 842 911 904 antedictum
927 850 972 903 est
988 827 1084 925 ἦττον
1096 832 1169 921 μία.
1195 842 1255 906 lam
1271 864 1340 908 vere

179 958 268 1018 nuum
284 939 341 1002 bue
354 941 453 1022 ipsum
468 941 554 1004 etiam
569 943 599 1004 in
611 941 726 1006 Iliadem
742 955 771 1007 et
785 943 947 1024 Odysseam
962 942 1065 1006 cadere
1080 941 1203 1022 dicatur,
1225 937 1340 1057 deneg

178 1033 320 1124 p‘rtadg
341 1033 410 1120 ἔχει
432 1039 541 1106 πολλὰ
562 1040 703 1106 τοιαῖτα
723 1039 806 1130 μέρη
822 1039 879 1108 καὶ
904 1033 1121 1129 ἧὈὸύσσεια,
1142 1036 1167 1108 t·
1186 1039 1245 1108 καὶ
1260 1049 1333 1110 καθ

177 1134 279 1206 inrui
300 1135 368 1222 ἔχει
390 1137 543 1228 μέγεθος,
566 1163 666 1210 nenne
691 1157 802 1230 pugnat
827 1148 885 1211 boe
904 1165 971 1210 eum
999 1147 1049 1223 iia,
1076 1167 1132 1230 que
1158 1168 1221 1231 eap.
1241 1149 1282 1212 23
1309 1150 1340 1212 in

178 1245 292 1308 nutem
307 1247 403 1310 iliadis
418 1258 448 1312 et
462 1249 609 1331 Oripsseae
624 1249 699 1314 dieta
718 1248 810 1314 eunti
840 1249 883 1312 ibi
899 1249 977 1312 enim
993 1269 1154 1332 perpaucas
1175 1259 1288 1315 tentum
1304 1273 1339 1316 ex

73 1389 78 1400 ·
179 1356 302 1430 utraque
318 1351 480 1431 tragoedim
496 1353 558 1415 beri
573 1351 711 1434 tegimus:
731 1371 810 1416 nuuc
825 1351 887 1434 pari
904 1371 972 1415 eum
988 1353 1092 1416 ceteris
1107 1354 1259 1436 epopeeiia
1274 1354 1339 1418 teee

179 1461 344 1524 terirentur,
359 1473 393 1515 ex
410 1473 532 1534 (piamun
549 1474 605 1518 unu
629 1475 744 1539 quiaque
765 1455 871 1518 mutue
891 1454 1055 1535 tragoediae
1075 1457 1153 1519 tient
1198 1457 1339 1532 Quamuis

177 1553 254 1616 enim
277 1555 454 1618 comedetur
471 1556 588 1621 itindern
609 1567 638 1620 et
652 1559 814 1640 odysseam
834 1557 960 1639 optime,
979 1566 1120 1639 quantum
1141 1559 1235 1630 liceat,
1255 1577 1338 1622 eunt·

103 1685 105 1688 ·
179 1656 290 1735 pinsitae
305 1677 371 1718 ease
395 1667 424 1718 et
450 1659 577 1722 maxime
603 1660 690 1723 unius
717 1661 841 1724 aetionis
867 1660 1059 1722 intitutionem
1086 1660 1192 1723 babere
1215 1653 1342 1739 (καίτοι

178 1753 279 1820 teian
303 1753 346 1821 τὰ
372 1751 549 1844 ποιήματα
575 1756 766 1847 συνέστηκεν
792 1755 837 1838 ὥς
863 1755 1032 1840 ἐνδέχεται
1052 1753 1175 1844 ἄριστα
1201 1757 1258 1825 καὶ
1286 1756 1342 1826 b'rr

178 1852 324 1939 μάλιστα
348 1859 430 1940 μιᾶς
456 1857 609 1946 πράξεως
632 1857 802 1949 μίμησις),
834 1874 932 1926 temen
964 1883 1055 1945 quum
1085 1865 1193 1927 multas
1218 1875 1342 1946 utraque

182 1972 276 2042 purte}
292 1963 439 2027 eiusmodi
454 1965 561 2029 babere
576 1967 698 2042 dicatur,
715 1986 789 2048 quae
802 1967 888 2030 etiam
901 1965 983 2029 selue
997 1985 1050 2049 per
1066 1987 1099 2030 ee
1111 1967 1341 2048 magnitudinem

182 2065 312 2140 lirinum,
326 2065 486 2130 dubiumne
501 2087 567 2130 esse
582 2079 691 2150 petest,
707 2069 778 2151 quin
794 2089 829 2132 ex
845 2069 950 2132 talibus
961 2069 1100 2152 ‘partibus
1120 2069 1206 2132 etiam
1224 2081 1340 2151 tregue

182 2167 243 2228 diue
258 2169 328 2230 tiant
343 2169 462 2251 fierique
476 2169 616 2251 peednti
631 2171 660 2234 id
676 2175 755 2254 «pund
767 2191 897 2254 pugnare
912 2192 979 2235 curn
992 2194 1017 2236 e
1029 2173 1070 2234 23
1086 2172 1274 2237 manifestum
1287 2183 1341 2236 est.

182 2269 293 2350 Pugnat
307 2288 393 2346 saum
412 2271 464 2334 sed
478 2282 525 2334 est
539 2283 645 2346 tumen,
660 2283 695 2337 ut
708 2275 848 2347 arbitrer,
868 2275 938 2338 traee
954 2293 1050 2358 pugna
1066 2275 1159 2356 magia
1175 2276 1341 2352 verberum,

181 2391 264 2452 «prtem
290 2373 333 2436 rei
364 2373 457 2455 ipsius
482 2395 517 2437 ue
541 2377 710 2441 sententiae.
753 2379 865 2459 Nempe
894 2379 992 2440 eureis
1015 2377 1216 2466 ¹discrepantia
1245 2377 1274 2440 in
1305 2399 1340 2441 ee

182 2475 329 2550 censistit,
348 2477 428 2557 quiid
449 2495 529 2542 num
554 2489 674 2561 partes
701 2473 816 2566 (μέρη)
839 2479 989 2552 dicuntur,
1014 2498 1088 2561 quae
1107 2480 1201 2559 magia
1222 2479 1342 2561 proprie

181 2577 341 2658 episudin
361 2577 482 2644 dicende
498 2581 631 2646 tuissent.
660 2583 809 2664 Epiaodiis
821 2592 917 2646 autern
930 2582 1029 2644 multis
1041 2583 1161 2645 ltiadem
1173 2581 1341 2646 distinctum

181 2699 245 2742 esse
258 2680 429 2746 Aristoteles
449 2683 512 2766 ipse
532 2687 684 2766 protessus
705 2695 750 2748 eat
770 2705 794 2749 e.
811 2685 866 2760 2³,
890 2685 918 2748 3.
949 2685 1018 2766 Cap.
1040 2684 1077 2747 tr
1096 2693 1191 2748 autem
1212 2685 1277 2760 55,
1303 2685 1340 2746 de

59 2841 64 2856 ,
182 2783 310 2865 [teipsam
325 2785 460 2868 impurus,
474 2778 573 2870 λόγον
586 2788 650 2852 eiua
666 2789 727 2852 aive
743 2807 891 2852 summam
907 2787 1072 2868 argumenti
1086 2788 1203 2851 breuem
1215 2805 1282 2848 esse
1294 2786 1342 2861 eit,
1396 2811 1401 2824 ¹

181 2905 252 2968 quae
271 2886 374 2969 paucis
397 2887 440 2951 eie
460 2891 521 2953 tere
542 2891 752 2974 eomprebeudi
775 2891 886 2972 possit:
912 2909 1017 2974 tpuum
1039 2890 1182 2971 quidam
1208 2890 1340 2952 multus

182 3007 295 3052 ennea
314 3009 468 3074 peregre
489 2993 636 3070 suisset,
657 2995 699 3057 ab
719 2993 857 3056 infesto
884 2993 1048 3075 Neptune
1073 2993 1287 3056 observatus
1302 3011 1342 3056 ae

182 3092 298 3166 autur,
323 3110 381 3156 ree
403 3104 518 3157 autern
540 3095 617 3159 eius
640 3097 841 3159 domestica
862 3096 914 3159 eie
932 3115 969 3159 ee
989 3096 1148 3170 baberet,
1168 3105 1204 3158 ut
1220 3115 1341 3176 epesa
1436 3121 1439 3128 ·

184 3193 305 3274 ptreeia
322 3195 446 3260 uxoria
461 3196 736 3263 absumerentur
757 3197 908 3280 titioque
928 3198 1081 3262 insidiae
1097 3208 1341 3274 struerentur,

184 3297 321 3360 tandem
343 3297 435 3381 ipse,
460 3301 736 3381 tempestatibus
752 3302 922 3378 iactatus,
943 3301 1065 3376 rediit,
1080 3311 1114 3363 et
1132 3311 1219 3382 pest
1237 3320 1340 3382 ques·

183 3399 256 3461 darn
277 3399 484 3481 agnitiones
503 3401 641 3484 impetn
660 3404 695 3466 in
714 3403 943 3467 adversarior
964 3403 1149 3484 taetoipae
1171 3413 1341 3480 servatur,

141 3505 167 3560 n
186 3499 267 3565 iites
281 3512 398 3567 autem
418 3503 625 3570 ulciscitur:
660 3507 707 3570 bis
722 3507 818 3590 itaque
833 3506 877 3569 sie
896 3506 1072 3589 prepositis.
1091 3500 1131 3568 τὸ
1156 3499 1216 3588 μὲν
1238 3497 1338 3584 i'dtev,

183 3603 282 3687 inquit,
295 3601 405 3686 τοῦτο,
427 3602 469 3670 τὰ
492 3599 523 3670 d’
546 3597 631 3674 deta
652 3604 843 3676 ἐπεισόδια.
874 3609 949 3674 ttine
963 3610 1139 3692 intelligitur,
1149 3628 1237 3692 quam
1249 3611 1340 3674 muita

183 3728 344 3792 magnaque
358 3710 388 3773 in
412 3719 537 3794 utreque
552 3714 680 3778 mrmine
694 3715 825 3796 episedia
840 3715 999 3796 agnoverit,
1015 3732 1141 3796 quorum
1162 3731 1225 3777 non
1248 3731 1340 3794 panea

183 3812 265 3876 etiarn
281 3814 439 3895 tragoediie
454 3825 624 3898 argumenta
639 3817 828 3900 suppeditare
843 3827 1013 3900 potuemnt.
1058 3817 1136 3880 itaee
1155 3815 1243 3896 igitur
1261 3833 1343 3879 niune

184 3913 280 3978 minua
298 3926 432 3981 accurate
451 3917 589 4002 inquens,
608 3919 639 3983 in
657 3920 788 4003 partibus
802 3939 906 3985 eumne
922 3919 1085 3984 cenninum
1104 3927 1254 3994 numeret,
1274 3918 1343 3982 lieet

184 4015 260 4087 abbi.
279 4033 341 4098 mn·
362 4017 418 4094 24,
438 4021 473 4096 d,
497 4021 662 4106 epieediaa
683 4023 815 4106 partibus
834 4023 1009 4105 distinguat,
1029 4032 1060 4085 et
1083 4041 1148 4105 eap.
1163 4021 1220 4098 2³,
1237 4021 1288 4085 ubi
1304 4021 1342 4086 de

185 4118 339 4198 tragoediis
359 4111 488 4202 loquitur
512 4145 547 4190 ea
573 4125 660 4190 tiiade
680 4135 710 4190 et
728 4125 859 4209 Odyssea
878 4125 988 4202 ductis,
1007 4125 1117 4190 nullam
1137 4124 1340 4207 epiaediemrn

186 4220 324 4284 rationem
338 4221 453 4286 babeat
495 4227 554 4292 Sed
567 4230 641 4293 haee
654 4227 833 4311 indiligentia
848 4247 908 4294 neu
923 4238 1020 4293 temen
1034 4227 1183 4304 eiusmodi
1197 4239 1252 4304 eet,
1267 4219 1341 4310 quae

188 4321 278 4387 bbere
300 4334 444 4389 attentum
462 4326 598 4394 tectorem
618 4341 649 4396 et
670 4331 701 4396 in
719 4351 851 4398 emerem
870 4332 1007 4398 indueere
1025 4333 1135 4416 puerit,
1154 4350 1250 4414 neque
1267 4329 1340 4393 adeo

189 4423 315 4491 miranda
329 4424 361 4492 iu
374 4425 435 4493 boe
446 4427 553 4510 tuate,
566 4453 655 4516 quem
669 4453 775 4520 parem
790 4437 969 4502 eleboratum
983 4454 1050 4500 eme
1064 4435 1135 4500 ertia
1149 4433 1226 4500 inter
1237 4447 1341 4496 omnen
