3092 4964
231 715 337 800 quihus
357 713 386 774 in
408 710 558 774 referentia
580 706 753 772 summatim
773 710 918 772 sententia
936 708 1055 773 alterius
1076 714 1218 778 utendum
1238 716 1277 780 sit
1297 753 1353 793 -,
1367 724 1396 780 et

230 837 286 900 qua
301 815 413 880 ratione
428 814 573 895 perfectae
588 811 712 876 aetionis
728 812 915 894 participium
931 813 1133 878 al’lrilotlemo
1146 819 1276 899 positum
1288 819 1396 888 medat.

228 921 252 983 si
267 918 337 981 isle
349 916 490 981 relatione
500 914 633 979 nondum
646 932 661 977 a
674 933 706 976 se
717 915 798 991 lama,
813 916 864 980 sed
877 935 957 979 nunc
968 915 1065 998 ipsum
1078 919 1208 983 fouenda
1219 920 1397 1004 loqueretur,

229 1041 319 1106 quum
336 1021 450 1103 liuguae
470 1020 514 1084 lex
535 1028 585 1082 aut
599 1018 723 1082 iniectae
742 1017 867 1082 actionis
888 1019 1088 1103 participium,
1107 1015 1397 1109 κεφαλαιούμενοι,

229 1134 279 1189 aut
301 1124 388 1188 eham
410 1123 527 1200 authu,
553 1115 868 1209 κεφαλαιωσάμενοι
891 1122 920 1186 Ιι.
943 1143 969 1188 e.
990 1115 1048 1188 htv
1069 1120 1396 1213 κεφαλαιωσώμεθα,
1442 1157 1445 1164 ’

227 1235 377 1311 posceret,
391 1261 434 1274 -
449 1245 506 1310 qua
521 1226 635 1290 ratione
650 1225 777 1308 denique
792 1225 921 1290 melium
938 1245 1030 1309 genus
1046 1229 1126 1294 uerbi
1142 1250 1197 1312 pro
1206 1230 1397 1295 achaeusur·

227 1342 329 1414 patum
344 1329 462 1394 delendi
477 1339 506 1394 et
520 1328 656 1412 explicari
672 1329 778 1411 possit,
793 1329 880 1411 plane
894 1349 956 1394 uon
971 1331 1108 1414 intelligo.
1136 1333 1398 1416 Nequeillutlrecte

229 1433 305 1509 lecit,
321 1434 401 1515 quod
417 1427 461 1495 cci
482 1429 548 1495 τῶν
570 1422 679 1495 ἄλλων
693 1432 902 1514 interpretatur
917 1433 1046 1498 aliorum
1061 1434 1180 1517 placita,
1197 1454 1288 1516 quum
1305 1435 1397 1516 sigui·
1505 1451 1508 1458 ’

228 1537 353 1599 ficentur
367 1534 472 1617 placita
488 1547 667 1598 cetetonem:
687 1545 738 1598 aut
757 1536 837 1617 quod
856 1531 923 1598 τῶν
943 1527 1053 1599 ἄλλων
1070 1535 1127 1600 dici
1147 1537 1282 1619 potuisse
1297 1537 1397 1612 credit,

227 1637 252 1699 si
278 1636 469 1700 Philodemus
490 1636 535 1700 illa
556 1636 661 1718 placita
682 1636 759 1700 alius
779 1642 942 1721 mrietspe'am
964 1655 1050 1720 quarn
1078 1638 1276 1720 Theophrasti
1302 1639 1399 1702 elicere

227 1738 327 1815 velerit,
339 1757 431 1821 muta
447 1739 604 1802 dicendum
620 1738 697 1802 haud
713 1740 802 1804 dubie
818 1742 923 1805 luisset
944 1729 1045 1804 litteo
1071 1732 1175 1817 τινόςι
1198 1759 1325 1823 prorsus
1344 1759 1397 1804 au·

228 1849 287 1904 tem
307 1839 561 1923 absonumfflmd
575 1835 786 1922 μεταλλεόειν
799 1835 883 1925 ὑπέρ
897 1862 986 1919 τινος
1000 1861 1053 1906 eos
1069 1841 1125 1906 dici
1141 1843 1274 1925 potuisse
1291 1843 1397 1926 opina·

228 1953 290 2016 tur,
313 1943 362 2024 opu
378 1943 503 2024 aliquem
521 1944 705 2006 controversi
727 1944 826 2025 optaris
848 1953 999 2008 auctorem
1015 1965 1082 2008 esse
1096 1945 1289 2019 contendant,
1304 1963 1395 2026 quum

174 2096 176 2100 a
226 2039 447 2127 μεταλλεύειν,
463 2043 488 2107 si
504 2044 642 2108 translate
656 2055 827 2127 usurpatur,
843 2045 916 2109 nihil
931 2045 1095 2125 significare
1109 2045 1206 2128 possit
1225 2046 1283 2109 nisi
1298 2045 1398 2108 ollito

227 2151 397 2210 comitarier
408 2150 616 2228 pervestipore,
633 2155 662 2210 et
676 2147 734 2210 hoc
748 2147 815 2229 ipso
831 2166 923 2212 sensu
937 2147 973 2210 ab
989 2165 1041 2222 eo,
1056 2165 1115 2229 quo
1131 2147 1322 2210 Philodemus
1337 2145 1397 2209 uti·

229 2256 290 2320 tur,
310 2247 425 2312 diceotli
445 2266 550 2328 genere
570 2247 697 2312 alienum
723 2249 775 2311 sit:
795 2258 948 2330 postremo
970 2249 1105 2313 omnium
1125 2247 1251 2312 maxime
1277 2247 1396 2318 mimm‚

229 2351 308 2432 quod
329 2341 434 2413 ὁπότε
453 2343 512 2412 καί
530 2366 591 2412 nou
611 2352 843 2434 patoudopm'dem
861 2355 948 2415 etiam
967 2371 984 2414 e
1004 2351 1149 2415 constanti
1168 2368 1228 2414 usu
1246 2347 1396 2429 loquendi,

229 2451 281 2514 aed
298 2452 316 2514 i.
332 2471 360 2532 q.
377 2443 434 2514 καὶ
450 2441 564 2528 ὁπότε,
581 2450 639 2515 hoc
658 2451 756 2534 ipsum
775 2463 874 2517 autem
891 2453 908 2518 i.
924 2474 953 2536 q.
971 2447 1029 2516 καὶ
1051 2444 1086 2517 ἐν
1102 2445 1260 2531 (τούτοις,
1276 2443 1326 2528 ἐν)
1346 2435 1398 2526 οἷς

230 2553 396 2634 significare
411 2551 510 2628 soluit,
525 2559 552 2616 et
569 2543 803 2638 ἄποψομένοις
822 2553 1031 2637 interpretatos
1045 2561 1091 2617 est
1109 2557 1138 2617 aa·
1156 2570 1331 2636 comparare
1349 2570 1398 2614 res

230 2656 395 2730 voluisseut,
410 2675 502 2738 quum
518 2672 614 2737 neque
629 2646 760 2742 ἀφορᾶν
773 2657 814 2720 sit
828 2676 1013 2740 correporore,
1029 2660 1076 2737 (ac
1084 2674 1121 2719 ne
1128 2659 1271 2736 inspicere
1278 2655 1396 2736 quidem

231 2770 260 2821 et
273 2759 426 2841 dilipmter
441 2758 641 2841 couteerrplori,
657 2758 682 2822 si
699 2758 835 2841 quiahoc
849 2763 974 2825 lormsse
991 2779 1046 2842 pro
1062 2759 1110 2822 illo
1131 2759 1222 2823 altero
1239 2756 1397 2833 maluerit),

231 2880 328 2944 neque
355 2861 541 2946 participium
567 2862 656 2926 loturi
676 2862 731 2926 clici
753 2866 849 2946 possit
864 2865 900 2927 ilc
914 2885 947 2928 ea
962 2865 1090 2937 actione,
1106 2881 1193 2945 quam
1208 2861 1290 2942 quis,
1306 2879 1396 2943 quum

231 2964 380 3029 debuisset
394 2967 497 3038 lacere,
512 2965 749 3047 praetermisisse
764 2969 905 3048 arguitur.
934 2969 1034 3048 ltaque
1049 2965 1150 3029 salsam
1166 2983 1232 3027 esse
1247 2965 1333 3026 istam
1350 2963 1397 3027 in·

233 3069 480 3150 terpretationem‚
495 3077 524 3130 et
538 3086 721 3149 nequaquam
737 3069 775 3132 ita
790 3069 987 3133 demonstrari
1004 3069 1071 3132 illutl
1087 3087 1188 3150 posse,
1203 3067 1282 3147 quod
1295 3065 1397 3128 Goett·

232 3170 339 3250 lingius
355 3169 457 3243 uoluit,
474 3170 664 3232 manifestum
683 3181 739 3234 est.
770 3171 862 3234 Nohis
877 3189 960 3247 vero,
974 3171 1045 3234 dum
1061 3168 1241 3252 prohabilem
1258 3167 1314 3231 loci
1329 3187 1397 3232 cor·

234 3271 400 3352 ruptissimi
427 3271 642 3335 restitutionem
661 3283 690 3334 et
709 3272 884 3338 intellectum
905 3273 1089 3356 quaerimus,
1109 3271 1176 3334 ittae
1199 3271 1399 3352 maximopere

235 3371 395 3436 ‹lolemlom
411 3375 559 3454 estquod
575 3373 794 3455 Neapolitanam
809 3375 966 3440 editionem
983 3375 1075 3439 oculis
1083 3393 1227 3456 usurpare
1235 3392 1296 3437 non
1308 3373 1397 3436 licuit.

235 3475 276 3538 lta
291 3475 369 3538 enim
390 3494 484 3557 neque
503 3476 539 3540 tle
561 3476 730 3541 lacunarum
746 3477 863 3560 spatiis,
887 3499 983 3560 neque
1002 3477 1040 3542 tle
1055 3475 1212 3552 heremis,
1228 3495 1303 3559 quae
1318 3485 1398 3538 extra

211 3641 213 3646 ,
234 3577 352 3642 hcuaas
367 3587 446 3654 sunt,
462 3579 532 3642 satis
547 3589 733 3662 compertum
749 3579 900 3654 hahemus,
928 3581 1102 3646 indubiaeue
1114 3579 1212 3642 omnia
1227 3590 1257 3643 et
1282 3578 1399 3659 perspi·

235 3699 307 3745 carae
321 3679 468 3756 lectionis,
483 3702 533 3759 arr,
553 3682 633 3764 quael
654 3683 713 3746 reri
734 3683 858 3748 similius
873 3693 933 3760 est,
952 3683 1095 3748 nonnulla
1115 3700 1236 3757 eorum,
1251 3680 1353 3744 litteris
1368 3679 1398 3742 in

181 3792 215 3846 ta
235 3785 341 3850 adusto
352 3779 467 3869 'papyro
483 3786 549 3869 plus
564 3785 662 3851 natans
677 3787 806 3853 maniciis
821 3797 851 3853 et
864 3789 900 3854 ael
915 3786 1154 3872 cognoscendum
1170 3783 1348 3868 difficilibus,
1364 3801 1399 3847 ex

234 3889 401 3954 coniectura
417 3889 516 3972 potius
531 3890 678 3956 etiterum
694 3911 782 3975 quam
797 3913 814 3958 e
828 3903 906 3958 certa
920 3892 1044 3958 lectione
1066 3890 1162 3974 posita
1178 3890 1247 3956 siut.
1277 3887 1398 3952 Interim

235 3993 349 4058 ridetur
364 3993 452 4058 nohis
477 3993 642 4059 Philoclemi
669 3995 762 4060 oratio
783 3998 812 4062 in
837 3997 918 4062 laune
942 3999 1002 4060 tere
1022 3996 1144 4086 morlum
1159 3993 1274 4060 restitui
1293 4009 1398 4076 posse:

237 4092 355 4182 [ultor
369 4087 467 4185 δ’ἤδη
483 4089 536 4164 ὅτι
553 4103 616 4178 (aut
630 4099 716 4162 etism
734 4095 833 4186 δῆλον
848 4096 889 4186 δὴ
906 4092 1011 4177 διότι)
1026 4091 1085 4162 καὶ
1102 4094 1188 4186 πρὸς
1204 4101 1247 4180 [τὰ
1260 4095 1399 4175 ntetalse

235 4195 301 4262 τῶν
323 4193 540 4286 Θεοφράστου
557 4203 814 4287 [διαφερό]μεθα,
838 4203 913 4280 ταῖς
938 4196 1130 4284 δυνάμε[σιν]
1156 4195 1288 4267 ἐκεῖθεν
1307 4217 1400 4284 esee·

238 4294 486 4388 puhel-lullus,
501 4300 639 4386 μῙᾶλλον
653 4301 691 4374 δὲ
710 4300 768 4372 καὶ
782 4301 825 4371 τὰ
838 4302 903 4370 τῶν
923 4295 1065 4388 ὄλμονῙ·
1080 4299 1227 4385 ἅπαντες
1255 4299 1317 4390 γὰρ
1332 4293 1400 4366 o‘io-

237 4427 302 4494 περ
319 4412 420 4492 [atate]
436 4404 712 4494 μετηλλΙάχΙασιν,
727 4400 835 4476 ὁπότε
856 4404 914 4474 καὶ
931 4403 1149 4500 Θεόφραστος
1168 4399 1227 4475 eir?
1244 4397 1399 4490 [corollip

236 4505 576 4594 sueppenhausun.
591 4516 621 4580 h.
637 4536 662 4580 e.
679 4522 803 4598 apparet
823 4523 918 4578 emm
936 4533 992 4580 aas
1009 4517 1098 4579 etiem
1112 4533 1132 4578 o
1141 4513 1290 4598 persepe
1307 4511 1398 4577 Theo·
