<?xml version="1.0" encoding="UTF-8"?>
<!DOCTYPE html PUBLIC "-//W3C//DTD XHTML 1.0 Transitional//EN"
    "http://www.w3.org/TR/xhtml1/DTD/xhtml1-transitional.dtd">
<html xmlns="http://www.w3.org/1999/xhtml" xml:lang="en" lang="en">
 <head>
  <title>
</title>
<meta http-equiv="Content-Type" content="text/html;charset=utf-8" />
  <meta name='ocr-system' content='tesseract 3.04.00' />
  <meta name='ocr-capabilities' content='ocr_page ocr_carea ocr_par ocr_line ocrx_word'/>
</head>
<body>
  <div class='ocr_page' id='page_1' title='image "./opusculaacademi01schgoog_0160.png"; bbox 0 0 3078 4954; ppageno 0'>
   <div class='ocr_carea' id='block_1_1' title="bbox 762 497 822 562">
    <p class='ocr_par' dir='ltr' id='par_1_1' title="bbox 762 497 822 562">
     <span class='ocr_line' id='line_1_1' title="bbox 762 497 822 562; baseline 0.017 -1"><span class='ocrx_word' id='word_1_1' title='bbox 762 497 822 562; x_wconf 77' lang='lat'><strong>¹48</strong></span> 
     </span>
    </p>
   </div>
   <div class='ocr_carea' id='block_1_2' title="bbox 688 587 889 597">
    <p class='ocr_par' dir='ltr' id='par_1_2' title="bbox 688 587 889 597">
     <span class='ocr_line' id='line_1_2' title="bbox 688 587 889 597; baseline -0.005 -1"><span class='ocrx_word' id='word_1_2' title='bbox 688 587 786 597; x_wconf 30' lang='grc' dir='ltr'><strong><em>..ιι-...-</em></strong></span> <span class='ocrx_word' id='word_1_3' title='bbox 789 587 869 596; x_wconf 57' lang='grc' dir='ltr'><strong>-υ-</strong></span> <span class='ocrx_word' id='word_1_4' title='bbox 873 589 876 593; x_wconf 86' lang='grc'>-</span> <span class='ocrx_word' id='word_1_5' title='bbox 884 587 889 594; x_wconf 79' lang='grc' dir='ltr'><strong><em>ι</em></strong></span> 
     </span>
    </p>
   </div>
   <div class='ocr_carea' id='block_1_3' title="bbox 125 684 1382 4583">
    <p class='ocr_par' dir='ltr' id='par_1_3' title="bbox 204 684 1370 974">
     <span class='ocr_line' id='line_1_3' title="bbox 205 684 1370 768; baseline 0.004 -20"><span class='ocrx_word' id='word_1_6' title='bbox 205 685 322 760; x_wconf 85' lang='lat' dir='ltr'><strong>dicitur,</strong></span> <span class='ocrx_word' id='word_1_7' title='bbox 336 704 393 768; x_wconf 86' lang='lat' dir='ltr'><strong>qua</strong></span> <span class='ocrx_word' id='word_1_8' title='bbox 409 685 475 768; x_wconf 82' lang='lat' dir='ltr'><strong>quis</strong></span> <span class='ocrx_word' id='word_1_9' title='bbox 490 686 641 750; x_wconf 87' lang='lat' dir='ltr'><strong>incassum</strong></span> <span class='ocrx_word' id='word_1_10' title='bbox 657 684 796 767; x_wconf 85' lang='lat' dir='ltr'><strong>auitoque</strong></span> <span class='ocrx_word' id='word_1_11' title='bbox 811 704 878 748; x_wconf 88' lang='lat' dir='ltr'><strong>cum</strong></span> <span class='ocrx_word' id='word_1_12' title='bbox 894 687 990 748; x_wconf 77' lang='lat' dir='ltr'><strong>fructu</strong></span> <span class='ocrx_word' id='word_1_13' title='bbox 1004 685 1129 767; x_wconf 76' lang='lat' dir='ltr'><strong>angitur.</strong></span> <span class='ocrx_word' id='word_1_14' title='bbox 1159 688 1197 752; x_wconf 84' lang='lat' dir='ltr'><strong>Et</strong></span> <span class='ocrx_word' id='word_1_15' title='bbox 1211 688 1275 752; x_wconf 85' lang='lat' dir='ltr'><strong>tatia</strong></span> <span class='ocrx_word' id='word_1_16' title='bbox 1291 689 1370 754; x_wconf 86' lang='lat' dir='ltr'><strong>tutu-</strong></span> 
     </span>
     <span class='ocr_line' id='line_1_4' title="bbox 204 787 1148 870; baseline 0 -18"><span class='ocrx_word' id='word_1_17' title='bbox 204 808 305 852; x_wconf 86' lang='lat' dir='ltr'><strong>rarurn</strong></span> <span class='ocrx_word' id='word_1_18' title='bbox 321 788 466 852; x_wconf 87' lang='lat' dir='ltr'><strong>maiorum</strong></span> <span class='ocrx_word' id='word_1_19' title='bbox 481 787 632 870; x_wconf 73' lang='lat' dir='ltr'><strong>praesagia</strong></span> <span class='ocrx_word' id='word_1_20' title='bbox 647 787 733 852; x_wconf 87' lang='lat' dir='ltr'><strong>etiarn</strong></span> <span class='ocrx_word' id='word_1_21' title='bbox 750 807 776 850; x_wconf 83' lang='lat' dir='ltr'><strong>v.</strong></span> <span class='ocrx_word' id='word_1_22' title='bbox 792 787 855 852; x_wconf 79' lang='lat' dir='ltr'><strong>atu</strong></span> <span class='ocrx_word' id='word_1_23' title='bbox 870 789 980 852; x_wconf 83' lang='lat' dir='ltr'><strong>charus</strong></span> <span class='ocrx_word' id='word_1_24' title='bbox 994 789 1148 852; x_wconf 85' lang='lat' dir='ltr'><strong>recusauit</strong></span> 
     </span>
     <span class='ocr_line' id='line_1_5' title="bbox 289 891 1153 974; baseline 0.005 -21"><span class='ocrx_word' id='word_1_25' title='bbox 289 891 320 955; x_wconf 70' lang='grc' dir='ltr'><strong>λ’.</strong></span> <span class='ocrx_word' id='word_1_26' title='bbox 340 892 429 956; x_wconf 80' lang='lat' dir='ltr'><strong>tuat.</strong></span> <span class='ocrx_word' id='word_1_27' title='bbox 459 891 622 956; x_wconf 84' lang='lat' dir='ltr'><strong>Cassandra</strong></span> <span class='ocrx_word' id='word_1_28' title='bbox 634 891 711 955; x_wconf 85' lang='lat' dir='ltr'><strong>cauit</strong></span> <span class='ocrx_word' id='word_1_29' title='bbox 726 899 838 956; x_wconf 88' lang='lat' dir='ltr'><strong>sortem</strong></span> <span class='ocrx_word' id='word_1_30' title='bbox 854 909 938 954; x_wconf 89' lang='lat' dir='ltr'><strong>suam</strong></span> <span class='ocrx_word' id='word_1_31' title='bbox 955 911 1153 974; x_wconf 85' lang='lat' dir='ltr'><strong>conquerens:</strong></span> 
     </span>
    </p>

    <p class='ocr_par' dir='ltr' id='par_1_4' title="bbox 403 986 1044 1076">
     <span class='ocr_line' id='line_1_6' title="bbox 403 986 1044 1076; baseline 0 -18"><span class='ocrx_word' id='word_1_32' title='bbox 403 986 445 1058; x_wconf 77' lang='lat' dir='ltr'><strong>ta</strong></span> <span class='ocrx_word' id='word_1_33' title='bbox 466 987 507 1059; x_wconf 76' lang='lat' dir='ltr'><strong>ta</strong></span> <span class='ocrx_word' id='word_1_34' title='bbox 527 986 686 1072; x_wconf 76' lang='grc' dir='ltr'><strong>ταλαίνας</strong></span> <span class='ocrx_word' id='word_1_35' title='bbox 706 987 918 1076; x_wconf 80' lang='grc' dir='ltr'><strong><em>κακόποτμοι</em></strong></span> <span class='ocrx_word' id='word_1_36' title='bbox 937 987 1044 1075; x_wconf 86' lang='grc' dir='ltr'><strong><em>τίχαι.</em></strong></span> 
     </span>
    </p>

    <p class='ocr_par' dir='ltr' id='par_1_5' title="bbox 201 1089 1382 2827">
     <span class='ocr_line' id='line_1_7' title="bbox 402 1089 1219 1184; baseline 0.001 -22"><span class='ocrx_word' id='word_1_37' title='bbox 402 1093 442 1162; x_wconf 81' lang='grc' dir='ltr'><strong>τὸ</strong></span> <span class='ocrx_word' id='word_1_38' title='bbox 465 1092 527 1184; x_wconf 66' lang='grc' dir='ltr'><strong>γὰρ</strong></span> <span class='ocrx_word' id='word_1_39' title='bbox 548 1093 627 1180; x_wconf 74' lang='grc' dir='ltr'><strong>ἐμὸν</strong></span> <span class='ocrx_word' id='word_1_40' title='bbox 649 1093 745 1180; x_wconf 82' lang='grc' dir='ltr'><strong><em>θροῶ</em></strong></span> <span class='ocrx_word' id='word_1_41' title='bbox 766 1090 886 1173; x_wconf 75' lang='grc' dir='ltr'><strong><em>πάθος</em></strong></span> <span class='ocrx_word' id='word_1_42' title='bbox 907 1089 1102 1181; x_wconf 79' lang='grc' dir='ltr'><strong><em>ἒπεγχίασα.</em></strong></span> <span class='ocrx_word' id='word_1_43' title='bbox 1214 1105 1219 1114; x_wconf 90' lang='grc'><strong>’</strong></span> 
     </span>
     <span class='ocr_line' id='line_1_8' title="bbox 202 1199 1372 1286; baseline 0.008 -27"><span class='ocrx_word' id='word_1_44' title='bbox 202 1219 328 1281; x_wconf 80' lang='lat' dir='ltr'><strong>querunt</strong></span> <span class='ocrx_word' id='word_1_45' title='bbox 344 1221 480 1266; x_wconf 78' lang='lat' dir='ltr'><strong>versuum</strong></span> <span class='ocrx_word' id='word_1_46' title='bbox 496 1204 576 1278; x_wconf 83' lang='lat' dir='ltr'><strong>atter,</strong></span> <span class='ocrx_word' id='word_1_47' title='bbox 591 1221 680 1284; x_wconf 84' lang='lat' dir='ltr'><strong>quum</strong></span> <span class='ocrx_word' id='word_1_48' title='bbox 696 1199 910 1282; x_wconf 82' lang='lat' dir='ltr'><strong>autistraplrico</strong></span> <span class='ocrx_word' id='word_1_49' title='bbox 925 1220 952 1264; x_wconf 85' lang='lat' dir='ltr'><strong>r.</strong></span> <span class='ocrx_word' id='word_1_50' title='bbox 973 1203 1053 1264; x_wconf 84' lang='grc'><strong>1106</strong></span> <span class='ocrx_word' id='word_1_51' title='bbox 1068 1221 1125 1265; x_wconf 81' lang='grc' dir='ltr'><strong><em>ματ</em></strong></span> <span class='ocrx_word' id='word_1_52' title='bbox 1137 1203 1244 1285; x_wconf 75' lang='lat' dir='ltr'>syllaba</span> <span class='ocrx_word' id='word_1_53' title='bbox 1255 1204 1372 1286; x_wconf 80' lang='lat' dir='ltr'><strong>longior</strong></span> 
     </span>
     <span class='ocr_line' id='line_1_9' title="bbox 203 1299 1371 1398; baseline 0.006 -33"><span class='ocrx_word' id='word_1_54' title='bbox 203 1303 606 1378; x_wconf 77' lang='lat' dir='ltr'><strong>sitablieruraunamutatus</strong></span> <span class='ocrx_word' id='word_1_55' title='bbox 617 1316 672 1378; x_wconf 85' lang='lat' dir='ltr'><strong>est,</strong></span> <span class='ocrx_word' id='word_1_56' title='bbox 684 1304 777 1387; x_wconf 73' lang='lat' dir='ltr'><strong>pruma</strong></span> <span class='ocrx_word' id='word_1_57' title='bbox 790 1321 918 1385; x_wconf 90' lang='lat' dir='ltr'><strong>persona</strong></span> <span class='ocrx_word' id='word_1_58' title='bbox 932 1299 1024 1390; x_wconf 85' lang='grc' dir='ltr'><strong><em>θροῶ</em></strong></span> <span class='ocrx_word' id='word_1_59' title='bbox 1035 1304 1064 1368; x_wconf 91' lang='lat' dir='ltr'><strong>in</strong></span> <span class='ocrx_word' id='word_1_60' title='bbox 1078 1307 1236 1370; x_wconf 85' lang='lat' dir='ltr'><strong>secundam</strong></span> <span class='ocrx_word' id='word_1_61' title='bbox 1245 1309 1371 1398; x_wconf 79' lang='grc' dir='ltr'><strong>θροεῖς,Ι</strong></span> 
     </span>
     <span class='ocr_line' id='line_1_10' title="bbox 204 1399 1367 1495; baseline 0.006 -26"><span class='ocrx_word' id='word_1_62' title='bbox 204 1409 355 1494; x_wconf 86' lang='lat' dir='ltr'><strong>participia</strong></span> <span class='ocrx_word' id='word_1_63' title='bbox 371 1419 468 1474; x_wconf 88' lang='lat' dir='ltr'><strong>autem</strong></span> <span class='ocrx_word' id='word_1_64' title='bbox 485 1431 518 1474; x_wconf 83' lang='lat' dir='ltr'><strong>ex</strong></span> <span class='ocrx_word' id='word_1_65' title='bbox 532 1409 672 1474; x_wconf 85' lang='lat' dir='ltr'><strong>ieariuino</strong></span> <span class='ocrx_word' id='word_1_66' title='bbox 682 1399 868 1490; x_wconf 76' lang='grc' dir='ltr'><strong><em>ἐπεγχίασα</em></strong></span> <span class='ocrx_word' id='word_1_67' title='bbox 883 1405 912 1470; x_wconf 91' lang='lat' dir='ltr'><strong>iu</strong></span> <span class='ocrx_word' id='word_1_68' title='bbox 925 1409 1120 1474; x_wconf 86' lang='lat' dir='ltr'><strong>masculinum</strong></span> <span class='ocrx_word' id='word_1_69' title='bbox 1133 1403 1292 1495; x_wconf 81' lang='grc' dir='ltr'><strong><em>ἒπεγχέας</em></strong></span> <span class='ocrx_word' id='word_1_70' title='bbox 1303 1431 1367 1476; x_wconf 83' lang='lat' dir='ltr'><strong>nura·</strong></span> 
     </span>
     <span class='ocr_line' id='line_1_11' title="bbox 204 1509 1370 1595; baseline 0.005 -23"><span class='ocrx_word' id='word_1_71' title='bbox 204 1520 271 1575; x_wconf 86' lang='lat' dir='ltr'><strong>tate.</strong></span> <span class='ocrx_word' id='word_1_72' title='bbox 301 1512 332 1576; x_wconf 87' lang='lat' dir='ltr'><strong>tt</strong></span> <span class='ocrx_word' id='word_1_73' title='bbox 345 1513 464 1595; x_wconf 75' lang='lat' dir='ltr'><strong>paraturi</strong></span> <span class='ocrx_word' id='word_1_74' title='bbox 479 1514 560 1578; x_wconf 89' lang='lat' dir='ltr'><strong>nulio</strong></span> <span class='ocrx_word' id='word_1_75' title='bbox 574 1513 665 1577; x_wconf 80' lang='lat' dir='ltr'><strong>morlo</strong></span> <span class='ocrx_word' id='word_1_76' title='bbox 677 1519 784 1595; x_wconf 85' lang='lat' dir='ltr'><strong>petest.</strong></span> <span class='ocrx_word' id='word_1_77' title='bbox 815 1509 889 1573; x_wconf 89' lang='lat' dir='ltr'><strong>Nam</strong></span> <span class='ocrx_word' id='word_1_78' title='bbox 902 1510 1012 1575; x_wconf 77' lang='lat' dir='ltr'><strong>cuens</strong></span> <span class='ocrx_word' id='word_1_79' title='bbox 1023 1512 1094 1576; x_wconf 83' lang='lat' dir='ltr'><strong>nihii</strong></span> <span class='ocrx_word' id='word_1_80' title='bbox 1111 1513 1169 1578; x_wconf 87' lang='lat' dir='ltr'><strong>nisi</strong></span> <span class='ocrx_word' id='word_1_81' title='bbox 1180 1515 1216 1578; x_wconf 86' lang='lat' dir='ltr'><strong>de</strong></span> <span class='ocrx_word' id='word_1_82' title='bbox 1227 1515 1370 1578; x_wconf 78' lang='lat' dir='ltr'><strong>vaticiniis</strong></span> 
     </span>
     <span class='ocr_line' id='line_1_12' title="bbox 204 1613 1369 1701; baseline 0.008 -28"><span class='ocrx_word' id='word_1_83' title='bbox 204 1615 382 1680; x_wconf 73' lang='lat' dir='ltr'><strong>tassanrirae</strong></span> <span class='ocrx_word' id='word_1_84' title='bbox 396 1617 508 1682; x_wconf 77' lang='lat' dir='ltr'>dixerat</span> <span class='ocrx_word' id='word_1_85' title='bbox 523 1615 659 1682; x_wconf 76' lang='lat' dir='ltr'>infaustis</span> <span class='ocrx_word' id='word_1_86' title='bbox 672 1614 786 1696; x_wconf 76' lang='lat' dir='ltr'><strong>sibique</strong></span> <span class='ocrx_word' id='word_1_87' title='bbox 801 1614 902 1678; x_wconf 79' lang='lat' dir='ltr'><strong>arrriitu</strong></span> <span class='ocrx_word' id='word_1_88' title='bbox 914 1613 1046 1696; x_wconf 82' lang='lat' dir='ltr'><strong>ingratis,</strong></span> <span class='ocrx_word' id='word_1_89' title='bbox 1063 1617 1143 1701; x_wconf 80' lang='lat' dir='ltr'><strong>qued</strong></span> <span class='ocrx_word' id='word_1_90' title='bbox 1159 1621 1293 1701; x_wconf 86' lang='lat' dir='ltr'><strong>proiecto</strong></span> <span class='ocrx_word' id='word_1_91' title='bbox 1308 1639 1369 1682; x_wconf 92' lang='lat' dir='ltr'><strong>nen</strong></span> 
     </span>
     <span class='ocr_line' id='line_1_13' title="bbox 204 1719 1369 1807; baseline 0.009 -29"><span class='ocrx_word' id='word_1_92' title='bbox 204 1727 264 1784; x_wconf 79' lang='lat' dir='ltr'><strong>erat</strong></span> <span class='ocrx_word' id='word_1_93' title='bbox 279 1731 391 1784; x_wconf 86' lang='lat' dir='ltr'><strong>sortem</strong></span> <span class='ocrx_word' id='word_1_94' title='bbox 408 1721 485 1785; x_wconf 85' lang='lat' dir='ltr'><strong>iltius</strong></span> <span class='ocrx_word' id='word_1_95' title='bbox 501 1719 652 1804; x_wconf 77' lang='lat' dir='ltr'>conqueri.</span> <span class='ocrx_word' id='word_1_96' title='bbox 683 1719 778 1782; x_wconf 82' lang='lat' dir='ltr'><strong>irrrme</strong></span> <span class='ocrx_word' id='word_1_97' title='bbox 799 1727 877 1782; x_wconf 86' lang='lat' dir='ltr'><strong>recte</strong></span> <span class='ocrx_word' id='word_1_98' title='bbox 893 1739 926 1781; x_wconf 90' lang='lat' dir='ltr'><strong>se</strong></span> <span class='ocrx_word' id='word_1_99' title='bbox 945 1719 1031 1784; x_wconf 83' lang='lat' dir='ltr'><strong>trahet</strong></span> <span class='ocrx_word' id='word_1_100' title='bbox 1045 1719 1154 1807; x_wconf 74' lang='grc' dir='ltr'><strong><em>θρσιῦε</em></strong></span> <span class='ocrx_word' id='word_1_101' title='bbox 1174 1721 1276 1805; x_wconf 75' lang='lat' dir='ltr'><strong>incipit</strong></span> <span class='ocrx_word' id='word_1_102' title='bbox 1291 1723 1369 1788; x_wconf 86' lang='lat' dir='ltr'><strong>enim</strong></span> 
     </span>
     <span class='ocr_line' id='line_1_14' title="bbox 204 1815 1370 1908; baseline 0.007 -26"><span class='ocrx_word' id='word_1_103' title='bbox 204 1821 265 1902; x_wconf 85' lang='lat' dir='ltr'><strong>ipsa</strong></span> <span class='ocrx_word' id='word_1_104' title='bbox 281 1840 360 1887; x_wconf 91' lang='lat' dir='ltr'><strong>nuuc</strong></span> <span class='ocrx_word' id='word_1_105' title='bbox 374 1823 431 1887; x_wconf 87' lang='lat' dir='ltr'><strong>iam</strong></span> <span class='ocrx_word' id='word_1_106' title='bbox 447 1843 499 1887; x_wconf 92' lang='lat' dir='ltr'><strong>sua</strong></span> <span class='ocrx_word' id='word_1_107' title='bbox 516 1825 590 1887; x_wconf 84' lang='lat' dir='ltr'><strong>maia</strong></span> <span class='ocrx_word' id='word_1_108' title='bbox 612 1821 774 1886; x_wconf 89' lang='lat' dir='ltr'><strong>lanmutari.</strong></span> <span class='ocrx_word' id='word_1_109' title='bbox 804 1822 861 1886; x_wconf 87' lang='lat' dir='ltr'><strong>Sed</strong></span> <span class='ocrx_word' id='word_1_110' title='bbox 877 1815 1065 1906; x_wconf 78' lang='grc' dir='ltr'><strong><em>ίπεγχέασα</em></strong></span> <span class='ocrx_word' id='word_1_111' title='bbox 1079 1845 1113 1888; x_wconf 85' lang='lat' dir='ltr'><strong>cx</strong></span> <span class='ocrx_word' id='word_1_112' title='bbox 1129 1825 1370 1908; x_wconf 73' lang='lat' dir='ltr'><strong>interpretatione</strong></span> 
     </span>
     <span class='ocr_line' id='line_1_15' title="bbox 205 1917 1368 2010; baseline 0.006 -24"><span class='ocrx_word' id='word_1_113' title='bbox 205 1925 320 2008; x_wconf 78' lang='lat' dir='ltr'><strong>irrepsit</strong></span> <span class='ocrx_word' id='word_1_114' title='bbox 340 1947 396 2010; x_wconf 90' lang='lat' dir='ltr'><strong>pro</strong></span> <span class='ocrx_word' id='word_1_115' title='bbox 412 1949 461 2003; x_wconf 82' lang='lat' dir='ltr'><strong>eo,</strong></span> <span class='ocrx_word' id='word_1_116' title='bbox 477 1928 556 2010; x_wconf 82' lang='lat' dir='ltr'><strong>queri</strong></span> <span class='ocrx_word' id='word_1_117' title='bbox 572 1925 734 2007; x_wconf 64' lang='lat' dir='ltr'><strong>Aeschylus</strong></span> <span class='ocrx_word' id='word_1_118' title='bbox 749 1924 919 2006; x_wconf 80' lang='lat' dir='ltr'><strong>scripserat.</strong></span> <span class='ocrx_word' id='word_1_119' title='bbox 935 1917 1130 2008; x_wconf 68' lang='lat' dir='ltr'><strong>inerpertis:</strong></span> <span class='ocrx_word' id='word_1_120' title='bbox 1145 1948 1256 1992; x_wconf 84' lang='lat' dir='ltr'><strong>ursam</strong></span> <span class='ocrx_word' id='word_1_121' title='bbox 1273 1928 1368 1994; x_wconf 86' lang='lat' dir='ltr'><strong>cala·</strong></span> 
     </span>
     <span class='ocr_line' id='line_1_16' title="bbox 205 2026 1370 2112; baseline 0.006 -22"><span class='ocrx_word' id='word_1_122' title='bbox 205 2028 377 2106; x_wconf 86' lang='lat' dir='ltr'><strong>mitatem,</strong></span> <span class='ocrx_word' id='word_1_123' title='bbox 393 2029 500 2112; x_wconf 78' lang='lat' dir='ltr'><strong>iuquit,</strong></span> <span class='ocrx_word' id='word_1_124' title='bbox 515 2027 790 2111; x_wconf 75' lang='lat' dir='ltr'><strong>Agamemnonis</strong></span> <span class='ocrx_word' id='word_1_125' title='bbox 811 2026 1008 2092; x_wconf 87' lang='lat' dir='ltr'><strong>calamitati</strong></span> <span class='ocrx_word' id='word_1_126' title='bbox 1023 2031 1222 2095; x_wconf 69' lang='lat' dir='ltr'><strong>adiunctam.</strong></span> <span class='ocrx_word' id='word_1_127' title='bbox 1255 2032 1370 2097; x_wconf 84' lang='lat' dir='ltr'><strong>Scilicet</strong></span> 
     </span>
     <span class='ocr_line' id='line_1_17' title="bbox 204 2132 1368 2219; baseline 0.007 -27"><span class='ocrx_word' id='word_1_128' title='bbox 204 2132 268 2213; x_wconf 76' lang='lat' dir='ltr'><strong>quia</strong></span> <span class='ocrx_word' id='word_1_129' title='bbox 284 2134 314 2196; x_wconf 92' lang='lat' dir='ltr'><strong>iu</strong></span> <span class='ocrx_word' id='word_1_130' title='bbox 330 2133 397 2197; x_wconf 82' lang='lat' dir='ltr'><strong>tatis</strong></span> <span class='ocrx_word' id='word_1_131' title='bbox 414 2134 479 2208; x_wconf 83' lang='lat' dir='ltr'><strong>init,</strong></span> <span class='ocrx_word' id='word_1_132' title='bbox 493 2142 525 2196; x_wconf 94' lang='lat' dir='ltr'><strong>ut</strong></span> <span class='ocrx_word' id='word_1_133' title='bbox 540 2152 598 2197; x_wconf 89' lang='lat' dir='ltr'><strong>una</strong></span> <span class='ocrx_word' id='word_1_134' title='bbox 614 2150 681 2197; x_wconf 92' lang='lat' dir='ltr'><strong>cum</strong></span> <span class='ocrx_word' id='word_1_135' title='bbox 698 2132 918 2210; x_wconf 73' lang='lat' dir='ltr'><strong>Agaureumane</strong></span> <span class='ocrx_word' id='word_1_136' title='bbox 939 2132 1003 2214; x_wconf 90' lang='lat' dir='ltr'><strong>ipsa</strong></span> <span class='ocrx_word' id='word_1_137' title='bbox 1023 2152 1142 2216; x_wconf 80' lang='lat' dir='ltr'><strong>queque</strong></span> <span class='ocrx_word' id='word_1_138' title='bbox 1158 2133 1279 2218; x_wconf 87' lang='lat' dir='ltr'><strong>periret,</strong></span> <span class='ocrx_word' id='word_1_139' title='bbox 1296 2155 1368 2219; x_wconf 89' lang='lat' dir='ltr'><strong>pro·</strong></span> 
     </span>
     <span class='ocr_line' id='line_1_18' title="bbox 204 2233 1369 2320; baseline 0.007 -24"><span class='ocrx_word' id='word_1_140' title='bbox 204 2245 300 2316; x_wconf 84' lang='lat' dir='ltr'><strong>pterea</strong></span> <span class='ocrx_word' id='word_1_141' title='bbox 316 2237 405 2300; x_wconf 80' lang='lat' dir='ltr'><strong>iratius</strong></span> <span class='ocrx_word' id='word_1_142' title='bbox 420 2237 492 2300; x_wconf 86' lang='lat' dir='ltr'><strong>serti</strong></span> <span class='ocrx_word' id='word_1_143' title='bbox 507 2255 591 2299; x_wconf 84' lang='lat' dir='ltr'><strong>suam</strong></span> <span class='ocrx_word' id='word_1_144' title='bbox 607 2235 763 2304; x_wconf 79' lang='lat' dir='ltr'><strong>ariraittaru</strong></span> <span class='ocrx_word' id='word_1_145' title='bbox 780 2233 857 2296; x_wconf 77' lang='lat' dir='ltr'><strong>uicta</strong></span> <span class='ocrx_word' id='word_1_146' title='bbox 888 2235 946 2297; x_wconf 80' lang='lat' dir='ltr'><strong>Seri</strong></span> <span class='ocrx_word' id='word_1_147' title='bbox 959 2235 1146 2317; x_wconf 82' lang='lat' dir='ltr'><strong>interpretes,</strong></span> <span class='ocrx_word' id='word_1_148' title='bbox 1162 2238 1245 2320; x_wconf 82' lang='lat' dir='ltr'><strong>‹puasi</strong></span> <span class='ocrx_word' id='word_1_149' title='bbox 1260 2238 1369 2304; x_wconf 85' lang='lat' dir='ltr'><strong>diceret</strong></span> 
     </span>
     <span class='ocr_line' id='line_1_19' title="bbox 203 2336 1367 2421; baseline 0.005 -23"><span class='ocrx_word' id='word_1_150' title='bbox 203 2359 250 2412; x_wconf 84' lang='lat' dir='ltr'><strong>se,</strong></span> <span class='ocrx_word' id='word_1_151' title='bbox 266 2347 424 2421; x_wconf 81' lang='lat' dir='ltr'><strong>prestquam</strong></span> <span class='ocrx_word' id='word_1_152' title='bbox 440 2338 669 2418; x_wconf 72' lang='lat' dir='ltr'><strong>agamemnonis</strong></span> <span class='ocrx_word' id='word_1_153' title='bbox 684 2347 794 2400; x_wconf 74' lang='lat' dir='ltr'><strong>cortem</strong></span> <span class='ocrx_word' id='word_1_154' title='bbox 811 2344 912 2417; x_wconf 79' lang='lat' dir='ltr'><strong>questa</strong></span> <span class='ocrx_word' id='word_1_155' title='bbox 928 2336 982 2410; x_wconf 82' lang='lat' dir='ltr'><strong>sit,</strong></span> <span class='ocrx_word' id='word_1_156' title='bbox 1003 2356 1082 2401; x_wconf 84' lang='lat' dir='ltr'><strong>rrunc</strong></span> <span class='ocrx_word' id='word_1_157' title='bbox 1101 2339 1279 2404; x_wconf 84' lang='lat' dir='ltr'><strong>ariiecturam</strong></span> <span class='ocrx_word' id='word_1_158' title='bbox 1295 2361 1367 2406; x_wconf 89' lang='lat' dir='ltr'><strong>suae</strong></span> 
     </span>
     <span class='ocr_line' id='line_1_20' title="bbox 203 2433 1366 2524; baseline 0.007 -24"><span class='ocrx_word' id='word_1_159' title='bbox 203 2439 291 2504; x_wconf 86' lang='lat' dir='ltr'><strong>sartis</strong></span> <span class='ocrx_word' id='word_1_160' title='bbox 310 2441 538 2524; x_wconf 76' lang='lat' dir='ltr'><strong>quaerimoniam,</strong></span> <span class='ocrx_word' id='word_1_161' title='bbox 558 2433 746 2522; x_wconf 76' lang='grc' dir='ltr'><strong><em>ἔπιγχίασα</em></strong></span> <span class='ocrx_word' id='word_1_162' title='bbox 764 2437 993 2519; x_wconf 81' lang='lat' dir='ltr'><strong>eriseripserunt.</strong></span> <span class='ocrx_word' id='word_1_163' title='bbox 1023 2438 1164 2504; x_wconf 86' lang='lat' dir='ltr'><strong>Siuriiiter</strong></span> <span class='ocrx_word' id='word_1_164' title='bbox 1182 2442 1366 2524; x_wconf 87' lang='lat' dir='ltr'><strong>participium</strong></span> 
     </span>
     <span class='ocr_line' id='line_1_21' title="bbox 203 2535 1382 2633; baseline 0.004 -30"><span class='ocrx_word' id='word_1_165' title='bbox 203 2559 256 2621; x_wconf 89' lang='lat' dir='ltr'><strong>pro</strong></span> <span class='ocrx_word' id='word_1_166' title='bbox 277 2543 399 2606; x_wconf 88' lang='lat' dir='ltr'><strong>nemine</strong></span> <span class='ocrx_word' id='word_1_167' title='bbox 417 2542 523 2605; x_wconf 71' lang='lat' dir='ltr'><strong>veritati</strong></span> <span class='ocrx_word' id='word_1_168' title='bbox 540 2541 658 2622; x_wconf 83' lang='lat' dir='ltr'><strong>irrepsit</strong></span> <span class='ocrx_word' id='word_1_169' title='bbox 678 2560 703 2604; x_wconf 87' lang='lat' dir='ltr'><strong>u.</strong></span> <span class='ocrx_word' id='word_1_170' title='bbox 725 2541 802 2612; x_wconf 76' lang='grc'><strong>4115,</strong></span> <span class='ocrx_word' id='word_1_171' title='bbox 831 2535 1074 2623; x_wconf 74' lang='grc' dir='ltr'><strong><em>παραλλάξασα</em></strong></span> <span class='ocrx_word' id='word_1_172' title='bbox 1088 2559 1143 2624; x_wconf 88' lang='lat' dir='ltr'><strong>pre</strong></span> <span class='ocrx_word' id='word_1_173' title='bbox 1159 2540 1382 2633; x_wconf 54' lang='lat' dir='ltr'><strong>stupui-tepea</strong></span> 
     </span>
     <span class='ocr_line' id='line_1_22' title="bbox 201 2632 1366 2725; baseline 0.009 -25"><span class='ocrx_word' id='word_1_174' title='bbox 201 2653 229 2704; x_wconf 84' lang='lat' dir='ltr'><strong>rt</strong></span> <span class='ocrx_word' id='word_1_175' title='bbox 243 2640 377 2725; x_wconf 85' lang='lat' dir='ltr'><strong>Choeph.</strong></span> <span class='ocrx_word' id='word_1_176' title='bbox 393 2663 419 2705; x_wconf 86' lang='lat' dir='ltr'><strong>r.</strong></span> <span class='ocrx_word' id='word_1_177' title='bbox 435 2645 476 2706; x_wconf 81' lang='grc'><strong>65</strong></span> <span class='ocrx_word' id='word_1_178' title='bbox 498 2633 719 2724; x_wconf 80' lang='grc' dir='ltr'><strong><em>καθαίροιτις</em></strong></span> <span class='ocrx_word' id='word_1_179' title='bbox 733 2659 788 2722; x_wconf 87' lang='lat' dir='ltr'><strong>pre</strong></span> <span class='ocrx_word' id='word_1_180' title='bbox 812 2632 1024 2722; x_wconf 82' lang='grc' dir='ltr'><strong><em>καθαρσίοις,</em></strong></span> <span class='ocrx_word' id='word_1_181' title='bbox 1040 2643 1118 2724; x_wconf 74' lang='lat' dir='ltr'><strong>«pund</strong></span> <span class='ocrx_word' id='word_1_182' title='bbox 1132 2652 1209 2708; x_wconf 87' lang='lat' dir='ltr'><strong>reete</strong></span> <span class='ocrx_word' id='word_1_183' title='bbox 1221 2645 1366 2710; x_wconf 83' lang='lat' dir='ltr'><strong>Herman-</strong></span> 
     </span>
     <span class='ocr_line' id='line_1_23' title="bbox 203 2742 1066 2827; baseline 0.001 -20"><span class='ocrx_word' id='word_1_184' title='bbox 203 2763 259 2808; x_wconf 87' lang='lat' dir='ltr'><strong>nus</strong></span> <span class='ocrx_word' id='word_1_185' title='bbox 270 2745 408 2809; x_wconf 81' lang='lat' dir='ltr'><strong>restituit</strong></span> <span class='ocrx_word' id='word_1_186' title='bbox 422 2779 465 2792; x_wconf 90' lang='lat'><strong>-—</strong></span> <span class='ocrx_word' id='word_1_187' title='bbox 480 2744 582 2827; x_wconf 80' lang='lat' dir='ltr'><strong>Neque</strong></span> <span class='ocrx_word' id='word_1_188' title='bbox 594 2753 669 2814; x_wconf 76' lang='lat' dir='ltr'><strong>erat.</strong></span> <span class='ocrx_word' id='word_1_189' title='bbox 686 2742 764 2824; x_wconf 81' lang='lat' dir='ltr'><strong>quoa</strong></span> <span class='ocrx_word' id='word_1_190' title='bbox 778 2743 808 2806; x_wconf 89' lang='lat' dir='ltr'><strong>in</strong></span> <span class='ocrx_word' id='word_1_191' title='bbox 821 2743 958 2825; x_wconf 74' lang='lat' dir='ltr'><strong>prauum</strong></span> <span class='ocrx_word' id='word_1_192' title='bbox 971 2763 1066 2818; x_wconf 84' lang='lat' dir='ltr'><strong>uersu,</strong></span> 
     </span>
    </p>

    <p class='ocr_par' dir='ltr' id='par_1_6' title="bbox 198 2836 1367 3546">
     <span class='ocr_line' id='line_1_24' title="bbox 400 2836 1123 2933; baseline -0.001 -21"><span class='ocrx_word' id='word_1_193' title='bbox 400 2847 463 2912; x_wconf 84' lang='grc' dir='ltr'><strong>ποί</strong></span> <span class='ocrx_word' id='word_1_194' title='bbox 484 2841 526 2933; x_wconf 76' lang='grc' dir='ltr'><strong>δή</strong></span> <span class='ocrx_word' id='word_1_195' title='bbox 547 2867 590 2928; x_wconf 85' lang='grc' dir='ltr'><strong>με</strong></span> <span class='ocrx_word' id='word_1_196' title='bbox 612 2842 708 2932; x_wconf 77' lang='grc' dir='ltr'><strong><em>δεῦρο</em></strong></span> <span class='ocrx_word' id='word_1_197' title='bbox 729 2839 790 2932; x_wconf 66' lang='grc' dir='ltr'><strong>τὴν</strong></span> <span class='ocrx_word' id='word_1_198' title='bbox 810 2841 970 2909; x_wconf 77' lang='grc' dir='ltr'><strong><em>τάλαιναν</em></strong></span> <span class='ocrx_word' id='word_1_199' title='bbox 991 2836 1123 2933; x_wconf 73' lang='grc' dir='ltr'><strong><em>ἤγαγεςς</em></strong></span> 
     </span>
     <span class='ocr_line' id='line_1_25' title="bbox 199 2938 1366 3033; baseline 0.003 -20"><span class='ocrx_word' id='word_1_200' title='bbox 199 2969 252 3032; x_wconf 81' lang='grc' dir='ltr'><strong>μισ</strong></span> <span class='ocrx_word' id='word_1_201' title='bbox 279 2949 410 3014; x_wconf 78' lang='lat' dir='ltr'><strong>secunda</strong></span> <span class='ocrx_word' id='word_1_202' title='bbox 435 2969 563 3032; x_wconf 90' lang='lat' dir='ltr'><strong>persona</strong></span> <span class='ocrx_word' id='word_1_203' title='bbox 585 2949 666 3013; x_wconf 80' lang='lat' dir='ltr'><strong>tertia</strong></span> <span class='ocrx_word' id='word_1_204' title='bbox 693 2938 813 3033; x_wconf 75' lang='grc' dir='ltr'><strong><em>ἤγαγεν</em></strong></span> <span class='ocrx_word' id='word_1_205' title='bbox 832 2949 1018 3012; x_wconf 78' lang='lat' dir='ltr'><strong>scriberetur.</strong></span> <span class='ocrx_word' id='word_1_206' title='bbox 1063 2949 1134 3013; x_wconf 86' lang='lat' dir='ltr'><strong>Vera</strong></span> <span class='ocrx_word' id='word_1_207' title='bbox 1160 2961 1206 3014; x_wconf 82' lang='lat' dir='ltr'><strong>est</strong></span> <span class='ocrx_word' id='word_1_208' title='bbox 1232 2952 1366 3016; x_wconf 76' lang='lat' dir='ltr'><strong>coelicum</strong></span> 
     </span>
     <span class='ocr_line' id='line_1_26' title="bbox 199 3050 1367 3135; baseline 0.001 -20"><span class='ocrx_word' id='word_1_209' title='bbox 199 3053 358 3134; x_wconf 78' lang='lat' dir='ltr'><strong>scriptura:</strong></span> <span class='ocrx_word' id='word_1_210' title='bbox 374 3051 546 3115; x_wconf 80' lang='lat' dir='ltr'><strong>obuersatur</strong></span> <span class='ocrx_word' id='word_1_211' title='bbox 560 3051 637 3115; x_wconf 84' lang='lat' dir='ltr'><strong>enirn</strong></span> <span class='ocrx_word' id='word_1_212' title='bbox 654 3051 836 3114; x_wconf 82' lang='lat' dir='ltr'><strong>Cassandrae</strong></span> <span class='ocrx_word' id='word_1_213' title='bbox 851 3051 950 3114; x_wconf 87' lang='lat' dir='ltr'><strong>auimo</strong></span> <span class='ocrx_word' id='word_1_214' title='bbox 965 3050 1085 3132; x_wconf 84' lang='grc' dir='ltr'><strong><em>ΛμοΙΙο,</em></strong></span> <span class='ocrx_word' id='word_1_215' title='bbox 1100 3070 1186 3134; x_wconf 82' lang='lat' dir='ltr'><strong>quern</strong></span> <span class='ocrx_word' id='word_1_216' title='bbox 1203 3055 1367 3135; x_wconf 79' lang='lat' dir='ltr'><strong>appellare·</strong></span> 
     </span>
     <span class='ocr_line' id='line_1_27' title="bbox 199 3151 1366 3238; baseline 0.001 -19"><span class='ocrx_word' id='word_1_217' title='bbox 199 3163 243 3219; x_wconf 86' lang='lat' dir='ltr'><strong>rat</strong></span> <span class='ocrx_word' id='word_1_218' title='bbox 261 3173 351 3238; x_wconf 89' lang='lat' dir='ltr'><strong>supra</strong></span> <span class='ocrx_word' id='word_1_219' title='bbox 365 3175 392 3218; x_wconf 86' lang='lat' dir='ltr'><strong>r.</strong></span> <span class='ocrx_word' id='word_1_220' title='bbox 413 3153 650 3228; x_wconf 74' lang='lat' dir='ltr'><strong>tanacetum,</strong></span> <span class='ocrx_word' id='word_1_221' title='bbox 670 3151 706 3216; x_wconf 83' lang='lat' dir='ltr'><strong>air</strong></span> <span class='ocrx_word' id='word_1_222' title='bbox 727 3171 822 3234; x_wconf 85' lang='lat' dir='ltr'><strong>eoque</strong></span> <span class='ocrx_word' id='word_1_223' title='bbox 842 3173 876 3217; x_wconf 90' lang='lat' dir='ltr'><strong>se</strong></span> <span class='ocrx_word' id='word_1_224' title='bbox 895 3154 955 3216; x_wconf 86' lang='lat' dir='ltr'><strong>ime</strong></span> <span class='ocrx_word' id='word_1_225' title='bbox 974 3152 1126 3218; x_wconf 83' lang='lat' dir='ltr'><strong>deductam</strong></span> <span class='ocrx_word' id='word_1_226' title='bbox 1147 3165 1248 3237; x_wconf 83' lang='lat' dir='ltr'><strong>questa</strong></span> <span class='ocrx_word' id='word_1_227' title='bbox 1265 3166 1326 3221; x_wconf 85' lang='lat' dir='ltr'><strong>erat</strong></span> <span class='ocrx_word' id='word_1_228' title='bbox 1339 3177 1366 3220; x_wconf 86' lang='lat' dir='ltr'><strong>r.</strong></span> 
     </span>
     <span class='ocr_line' id='line_1_28' title="bbox 204 3255 1366 3342; baseline 0.003 -21"><span class='ocrx_word' id='word_1_229' title='bbox 204 3259 297 3335; x_wconf 68' lang='lat' dir='ltr'><strong>tuam</strong></span> <span class='ocrx_word' id='word_1_230' title='bbox 312 3277 406 3342; x_wconf 76' lang='lat' dir='ltr'><strong>nequae</strong></span> <span class='ocrx_word' id='word_1_231' title='bbox 421 3276 498 3341; x_wconf 82' lang='lat' dir='ltr'><strong>upum</strong></span> <span class='ocrx_word' id='word_1_232' title='bbox 513 3265 575 3320; x_wconf 86' lang='lat' dir='ltr'><strong>crat</strong></span> <span class='ocrx_word' id='word_1_233' title='bbox 589 3274 669 3319; x_wconf 89' lang='lat' dir='ltr'><strong>nnuc</strong></span> <span class='ocrx_word' id='word_1_234' title='bbox 689 3274 807 3338; x_wconf 82' lang='lat' dir='ltr'><strong>quoque</strong></span> <span class='ocrx_word' id='word_1_235' title='bbox 827 3255 936 3320; x_wconf 80' lang='lat' dir='ltr'><strong>discute</strong></span> <span class='ocrx_word' id='word_1_236' title='bbox 949 3257 1074 3320; x_wconf 80' lang='lat' dir='ltr'><strong>eundern</strong></span> <span class='ocrx_word' id='word_1_237' title='bbox 1095 3257 1257 3335; x_wconf 75' lang='lat' dir='ltr'><strong>attaminari,</strong></span> <span class='ocrx_word' id='word_1_238' title='bbox 1271 3279 1366 3341; x_wconf 80' lang='lat' dir='ltr'><strong>quan·</strong></span> 
     </span>
     <span class='ocr_line' id='line_1_29' title="bbox 198 3359 1366 3444; baseline 0.003 -21"><span class='ocrx_word' id='word_1_239' title='bbox 198 3361 355 3444; x_wconf 78' lang='lat' dir='ltr'><strong>tequidem</strong></span> <span class='ocrx_word' id='word_1_240' title='bbox 376 3381 464 3426; x_wconf 88' lang='lat' dir='ltr'><strong>neruo</strong></span> <span class='ocrx_word' id='word_1_241' title='bbox 485 3359 567 3423; x_wconf 85' lang='lat' dir='ltr'><strong>tacite</strong></span> <span class='ocrx_word' id='word_1_242' title='bbox 586 3369 644 3424; x_wconf 86' lang='lat' dir='ltr'><strong>tarn</strong></span> <span class='ocrx_word' id='word_1_243' title='bbox 667 3359 767 3423; x_wconf 83' lang='lat' dir='ltr'><strong>tardus</strong></span> <span class='ocrx_word' id='word_1_244' title='bbox 788 3367 848 3433; x_wconf 80' lang='lat' dir='ltr'><strong>est,</strong></span> <span class='ocrx_word' id='word_1_245' title='bbox 870 3359 939 3442; x_wconf 83' lang='lat' dir='ltr'><strong>quia</strong></span> <span class='ocrx_word' id='word_1_246' title='bbox 960 3359 1046 3422; x_wconf 87' lang='lat' dir='ltr'><strong>etiam</strong></span> <span class='ocrx_word' id='word_1_247' title='bbox 1069 3359 1133 3423; x_wconf 89' lang='lat' dir='ltr'><strong>sine</strong></span> <span class='ocrx_word' id='word_1_248' title='bbox 1153 3361 1274 3426; x_wconf 88' lang='lat' dir='ltr'><strong>nominc</strong></span> <span class='ocrx_word' id='word_1_249' title='bbox 1298 3361 1366 3444; x_wconf 83' lang='lat' dir='ltr'><strong>quis</strong></span> 
     </span>
     <span class='ocr_line' id='line_1_30' title="bbox 198 3462 638 3546; baseline 0.005 -22"><span class='ocrx_word' id='word_1_250' title='bbox 198 3463 400 3546; x_wconf 79' lang='lat' dir='ltr'><strong>intelligentius</strong></span> <span class='ocrx_word' id='word_1_251' title='bbox 415 3464 455 3528; x_wconf 88' lang='lat' dir='ltr'><strong>sit</strong></span> <span class='ocrx_word' id='word_1_252' title='bbox 469 3462 638 3546; x_wconf 72' lang='lat' dir='ltr'><strong>perspiciat.</strong></span> 
     </span>
    </p>

    <p class='ocr_par' dir='ltr' id='par_1_7' title="bbox 155 3564 681 3634">
     <span class='ocr_line' id='line_1_31' title="bbox 155 3564 681 3634; baseline -0.011 0"><span class='ocrx_word' id='word_1_253' title='bbox 155 3585 183 3634; x_wconf 89' lang='lat' dir='ltr'><strong>tu</strong></span> <span class='ocrx_word' id='word_1_254' title='bbox 283 3566 315 3629; x_wconf 82' lang='lat' dir='ltr'><strong>ln</strong></span> <span class='ocrx_word' id='word_1_255' title='bbox 331 3566 412 3631; x_wconf 88' lang='lat' dir='ltr'><strong>eimri</strong></span> <span class='ocrx_word' id='word_1_256' title='bbox 429 3565 524 3629; x_wconf 81' lang='lat' dir='ltr'><strong>rerlris</strong></span> <span class='ocrx_word' id='word_1_257' title='bbox 540 3585 565 3626; x_wconf 87' lang='lat' dir='ltr'><strong>r.</strong></span> <span class='ocrx_word' id='word_1_258' title='bbox 586 3564 681 3628; x_wconf 78' lang='lat' dir='ltr'><strong>titt:</strong></span> 
     </span>
    </p>

    <p class='ocr_par' dir='ltr' id='par_1_8' title="bbox 396 3659 1004 3755">
     <span class='ocr_line' id='line_1_32' title="bbox 396 3659 1004 3755; baseline -0.003 -22"><span class='ocrx_word' id='word_1_259' title='bbox 396 3663 440 3733; x_wconf 81' lang='lat' dir='ltr'><strong>rai</strong></span> <span class='ocrx_word' id='word_1_260' title='bbox 462 3660 493 3732; x_wconf 76' lang='grc' dir='ltr'><strong>δ’</strong></span> <span class='ocrx_word' id='word_1_261' title='bbox 515 3659 669 3754; x_wconf 75' lang='grc' dir='ltr'><strong><em>ἐπίφοβα</em></strong></span> <span class='ocrx_word' id='word_1_262' title='bbox 691 3659 853 3753; x_wconf 77' lang='grc' dir='ltr'><strong><em>δυσφάτῳ</em></strong></span> <span class='ocrx_word' id='word_1_263' title='bbox 876 3663 1004 3755; x_wconf 72' lang='grc' dir='ltr'><strong><em>κλαγγᾷ</em></strong></span> 
     </span>
    </p>

    <p class='ocr_par' dir='ltr' id='par_1_9' title="bbox 195 3759 1365 4266">
     <span class='ocr_line' id='line_1_33' title="bbox 393 3759 1120 3855; baseline -0.003 -19"><span class='ocrx_word' id='word_1_264' title='bbox 393 3767 593 3855; x_wconf 74' lang='grc' dir='ltr'><strong><em>μελοτυπεῖς</em></strong></span> <span class='ocrx_word' id='word_1_265' title='bbox 614 3759 712 3849; x_wconf 80' lang='grc' dir='ltr'><strong><em>ὁμσῦ</em></strong></span> <span class='ocrx_word' id='word_1_266' title='bbox 733 3759 760 3832; x_wconf 83' lang='grc' dir='ltr'><strong>τ’</strong></span> <span class='ocrx_word' id='word_1_267' title='bbox 783 3759 921 3854; x_wconf 77' lang='grc' dir='ltr'><strong><em>ὀρθίοις</em></strong></span> <span class='ocrx_word' id='word_1_268' title='bbox 941 3765 977 3834; x_wconf 74' lang='grc' dir='ltr'><strong>ἐκ</strong></span> <span class='ocrx_word' id='word_1_269' title='bbox 996 3764 1120 3853; x_wconf 80' lang='grc' dir='ltr'><strong><em>νόμοις,</em></strong></span> 
     </span>
     <span class='ocr_line' id='line_1_34' title="bbox 196 3864 1363 3958; baseline 0.003 -21"><span class='ocrx_word' id='word_1_270' title='bbox 196 3875 263 3940; x_wconf 83' lang='lat' dir='ltr'><strong>iliud</strong></span> <span class='ocrx_word' id='word_1_271' title='bbox 285 3864 370 3958; x_wconf 76' lang='grc' dir='ltr'><strong><em>ὅμοι’·</em></strong></span> <span class='ocrx_word' id='word_1_272' title='bbox 391 3865 419 3939; x_wconf 66' lang='grc' dir='ltr'><strong>τ)</strong></span> <span class='ocrx_word' id='word_1_273' title='bbox 441 3873 548 3938; x_wconf 87' lang='lat' dir='ltr'><strong>ialsum</strong></span> <span class='ocrx_word' id='word_1_274' title='bbox 568 3891 635 3936; x_wconf 88' lang='lat' dir='ltr'><strong>esse</strong></span> <span class='ocrx_word' id='word_1_275' title='bbox 655 3889 717 3936; x_wconf 89' lang='lat' dir='ltr'><strong>nau</strong></span> <span class='ocrx_word' id='word_1_276' title='bbox 737 3882 838 3954; x_wconf 82' lang='lat' dir='ltr'><strong>petest</strong></span> <span class='ocrx_word' id='word_1_277' title='bbox 857 3872 997 3950; x_wconf 73' lang='lat' dir='ltr'><strong>dubitem,</strong></span> <span class='ocrx_word' id='word_1_278' title='bbox 1018 3875 1151 3937; x_wconf 84' lang='lat' dir='ltr'><strong>sednon</strong></span> <span class='ocrx_word' id='word_1_279' title='bbox 1172 3875 1272 3937; x_wconf 87' lang='lat' dir='ltr'><strong>minus</strong></span> <span class='ocrx_word' id='word_1_280' title='bbox 1293 3875 1363 3940; x_wconf 79' lang='lat' dir='ltr'><strong>iales</strong></span> 
     </span>
     <span class='ocr_line' id='line_1_35' title="bbox 196 3967 1365 4061; baseline 0.003 -21"><span class='ocrx_word' id='word_1_281' title='bbox 196 3989 240 4040; x_wconf 83' lang='lat' dir='ltr'><strong>est</strong></span> <span class='ocrx_word' id='word_1_282' title='bbox 254 3977 414 4043; x_wconf 83' lang='lat' dir='ltr'><strong>tiermanui</strong></span> <span class='ocrx_word' id='word_1_283' title='bbox 429 3975 610 4042; x_wconf 83' lang='lat' dir='ltr'><strong>emendatio:</strong></span> <span class='ocrx_word' id='word_1_284' title='bbox 624 3971 824 4057; x_wconf 75' lang='grc' dir='ltr'><strong><em>μελοτυπεῖς</em></strong></span> <span class='ocrx_word' id='word_1_285' title='bbox 846 3968 929 4059; x_wconf 82' lang='grc' dir='ltr'><strong><em>ὁμοῦ</em></strong></span> <span class='ocrx_word' id='word_1_286' title='bbox 950 3967 1096 4041; x_wconf 56' lang='lat' dir='ltr'><strong>ararad</strong></span> <span class='ocrx_word' id='word_1_287' title='bbox 1112 3968 1249 4061; x_wconf 80' lang='grc' dir='ltr'><strong><em>ὀρθίοις</em></strong></span> <span class='ocrx_word' id='word_1_288' title='bbox 1262 3971 1297 4040; x_wconf 75' lang='grc' dir='ltr'><strong>ἐκ</strong></span> <span class='ocrx_word' id='word_1_289' title='bbox 1310 3972 1365 4043; x_wconf 85' lang='grc' dir='ltr'><strong>κό-</strong></span> 
     </span>
     <span class='ocr_line' id='line_1_36' title="bbox 195 4077 1363 4165; baseline 0.003 -22"><span class='ocrx_word' id='word_1_290' title='bbox 195 4100 280 4160; x_wconf 79' lang='grc' dir='ltr'><strong><em>μοις.</em></strong></span> <span class='ocrx_word' id='word_1_291' title='bbox 311 4081 360 4145; x_wconf 84' lang='lat' dir='ltr'><strong>Sic</strong></span> <span class='ocrx_word' id='word_1_292' title='bbox 374 4081 452 4144; x_wconf 93' lang='lat' dir='ltr'><strong>enim</strong></span> <span class='ocrx_word' id='word_1_293' title='bbox 467 4079 513 4144; x_wconf 88' lang='lat' dir='ltr'><strong>iile</strong></span> <span class='ocrx_word' id='word_1_294' title='bbox 529 4077 662 4162; x_wconf 85' lang='lat' dir='ltr'><strong>scripsit,</strong></span> <span class='ocrx_word' id='word_1_295' title='bbox 677 4078 792 4159; x_wconf 79' lang='lat' dir='ltr'><strong>integro</strong></span> <span class='ocrx_word' id='word_1_296' title='bbox 808 4079 883 4162; x_wconf 86' lang='lat' dir='ltr'><strong>peda</strong></span> <span class='ocrx_word' id='word_1_297' title='bbox 896 4079 931 4141; x_wconf 84' lang='lat' dir='ltr'><strong>ad</strong></span> <span class='ocrx_word' id='word_1_298' title='bbox 945 4097 1062 4142; x_wconf 81' lang='lat' dir='ltr'><strong>uersum</strong></span> <span class='ocrx_word' id='word_1_299' title='bbox 1077 4078 1192 4155; x_wconf 67' lang='lat' dir='ltr'><strong>aarum,</strong></span> <span class='ocrx_word' id='word_1_300' title='bbox 1206 4089 1363 4165; x_wconf 86' lang='lat' dir='ltr'><strong>prepterea</strong></span> 
     </span>
     <span class='ocr_line' id='line_1_37' title="bbox 197 4179 1363 4266; baseline 0.005 -24"><span class='ocrx_word' id='word_1_301' title='bbox 197 4185 275 4264; x_wconf 73' lang='lat' dir='ltr'><strong>«pared</strong></span> <span class='ocrx_word' id='word_1_302' title='bbox 290 4183 377 4247; x_wconf 87' lang='lat' dir='ltr'><strong>etiarn</strong></span> <span class='ocrx_word' id='word_1_303' title='bbox 393 4184 422 4248; x_wconf 91' lang='lat' dir='ltr'><strong>iu</strong></span> <span class='ocrx_word' id='word_1_304' title='bbox 439 4182 562 4266; x_wconf 85' lang='lat' dir='ltr'><strong>stropha</strong></span> <span class='ocrx_word' id='word_1_305' title='bbox 573 4203 599 4247; x_wconf 82' lang='grc' dir='ltr'><strong>κ.</strong></span> <span class='ocrx_word' id='word_1_306' title='bbox 617 4181 697 4246; x_wconf 79' lang='lat'><strong>1102</strong></span> <span class='ocrx_word' id='word_1_307' title='bbox 710 4181 754 4246; x_wconf 93' lang='lat' dir='ltr'><strong>sic</strong></span> <span class='ocrx_word' id='word_1_308' title='bbox 764 4179 801 4244; x_wconf 89' lang='lat' dir='ltr'><strong>ab</strong></span> <span class='ocrx_word' id='word_1_309' title='bbox 812 4181 1106 4264; x_wconf 77' lang='lat' dir='ltr'><strong>naschpieseriptum</strong></span> <span class='ocrx_word' id='word_1_310' title='bbox 1119 4182 1211 4247; x_wconf 83' lang='lat' dir='ltr'><strong>tuisse</strong></span> <span class='ocrx_word' id='word_1_311' title='bbox 1223 4183 1363 4248; x_wconf 86' lang='lat' dir='ltr'><strong>coniecit:</strong></span> 
     </span>
    </p>

    <p class='ocr_par' dir='ltr' id='par_1_10' title="bbox 125 4275 1363 4373">
     <span class='ocr_line' id='line_1_38' title="bbox 125 4275 1363 4373; baseline 0.002 -25"><span class='ocrx_word' id='word_1_312' title='bbox 125 4327 130 4336; x_wconf 86' lang='lat'><em>·</em></span> <span class='ocrx_word' id='word_1_313' title='bbox 197 4275 353 4369; x_wconf 73' lang='grc' dir='ltr'><strong><em>ἀκόρετος</em></strong></span> <span class='ocrx_word' id='word_1_314' title='bbox 365 4281 451 4369; x_wconf 76' lang='grc' dir='ltr'><strong><em>βοᾶς</em></strong></span> <span class='ocrx_word' id='word_1_315' title='bbox 464 4276 697 4373; x_wconf 79' lang='grc' dir='ltr'><strong><em>μιλοίκτοις</em></strong></span> <span class='ocrx_word' id='word_1_316' title='bbox 709 4275 922 4363; x_wconf 81' lang='grc' dir='ltr'><strong><em>ταλαίναις</em></strong></span> <span class='ocrx_word' id='word_1_317' title='bbox 935 4277 1060 4372; x_wconf 78' lang='grc' dir='ltr'><strong><em>φρεσίν.</em></strong></span> <span class='ocrx_word' id='word_1_318' title='bbox 1090 4285 1127 4350; x_wconf 88' lang='lat' dir='ltr'><strong>Et</strong></span> <span class='ocrx_word' id='word_1_319' title='bbox 1141 4287 1278 4370; x_wconf 77' lang='lat' dir='ltr'><strong>leguntur</strong></span> <span class='ocrx_word' id='word_1_320' title='bbox 1292 4305 1363 4351; x_wconf 84' lang='lat' dir='ltr'><strong>sane</strong></span> 
     </span>
    </p>

    <p class='ocr_par' dir='ltr' id='par_1_11' title="bbox 195 4385 1363 4583">
     <span class='ocr_line' id='line_1_39' title="bbox 196 4385 1363 4474; baseline 0.002 -22"><span class='ocrx_word' id='word_1_321' title='bbox 196 4385 266 4452; x_wconf 82' lang='lat' dir='ltr'><strong>haec</strong></span> <span class='ocrx_word' id='word_1_322' title='bbox 280 4389 340 4452; x_wconf 86' lang='lat' dir='ltr'><strong>duc</strong></span> <span class='ocrx_word' id='word_1_323' title='bbox 356 4388 483 4472; x_wconf 81' lang='lat' dir='ltr'><strong>epitheta</strong></span> <span class='ocrx_word' id='word_1_324' title='bbox 498 4389 528 4453; x_wconf 90' lang='lat' dir='ltr'><strong>in</strong></span> <span class='ocrx_word' id='word_1_325' title='bbox 543 4391 608 4454; x_wconf 83' lang='lat' dir='ltr'><strong>cad.</strong></span> <span class='ocrx_word' id='word_1_326' title='bbox 623 4389 694 4454; x_wconf 76' lang='lat' dir='ltr'><strong>ven.</strong></span> <span class='ocrx_word' id='word_1_327' title='bbox 710 4398 739 4453; x_wconf 86' lang='lat' dir='ltr'><strong>et</strong></span> <span class='ocrx_word' id='word_1_328' title='bbox 752 4389 849 4467; x_wconf 59' lang='lat' dir='ltr'><strong>Flora</strong></span> <span class='ocrx_word' id='word_1_329' title='bbox 863 4387 916 4452; x_wconf 85' lang='lat' dir='ltr'><strong>scd</strong></span> <span class='ocrx_word' id='word_1_330' title='bbox 931 4406 1030 4453; x_wconf 80' lang='lat' dir='ltr'><strong>ueram</strong></span> <span class='ocrx_word' id='word_1_331' title='bbox 1044 4389 1223 4474; x_wconf 83' lang='lat' dir='ltr'><strong>scripturam</strong></span> <span class='ocrx_word' id='word_1_332' title='bbox 1238 4391 1363 4454; x_wconf 78' lang='lat' dir='ltr'><strong>serrant</strong></span> 
     </span>
     <span class='ocr_line' id='line_1_40' title="bbox 195 4483 1361 4583; baseline 0.002 -27"><span class='ocrx_word' id='word_1_333' title='bbox 195 4491 260 4556; x_wconf 84' lang='lat' dir='ltr'><strong>aad.</strong></span> <span class='ocrx_word' id='word_1_334' title='bbox 274 4491 377 4568; x_wconf 78' lang='lat' dir='ltr'><strong>Fara..</strong></span> <span class='ocrx_word' id='word_1_335' title='bbox 397 4491 428 4556; x_wconf 90' lang='lat' dir='ltr'><strong>iu</strong></span> <span class='ocrx_word' id='word_1_336' title='bbox 447 4511 507 4577; x_wconf 82' lang='lat' dir='ltr'><strong>quo</strong></span> <span class='ocrx_word' id='word_1_337' title='bbox 526 4495 622 4559; x_wconf 83' lang='lat' dir='ltr'><strong>salum</strong></span> <span class='ocrx_word' id='word_1_338' title='bbox 643 4483 835 4583; x_wconf 72' lang='grc' dir='ltr'><strong><em>φιλοίκτοις</em></strong></span> <span class='ocrx_word' id='word_1_339' title='bbox 853 4501 945 4568; x_wconf 83' lang='lat' dir='ltr'><strong>extat,</strong></span> <span class='ocrx_word' id='word_1_340' title='bbox 966 4493 1081 4558; x_wconf 87' lang='lat' dir='ltr'><strong>amissa</strong></span> <span class='ocrx_word' id='word_1_341' title='bbox 1101 4493 1165 4558; x_wconf 84' lang='lat' dir='ltr'><strong>eius</strong></span> <span class='ocrx_word' id='word_1_342' title='bbox 1184 4495 1361 4576; x_wconf 81' lang='lat' dir='ltr'><strong>interpreta-</strong></span> 
     </span>
    </p>
   </div>
   <div class='ocr_carea' id='block_1_4' title="bbox 0 0 1544 4954">
    <p class='ocr_par' dir='ltr' id='par_1_12' title="bbox 0 0 1544 4954">
     <span class='ocr_line' id='line_1_41' title="bbox 0 0 1544 4954; baseline 0 2"><span class='ocrx_word' id='word_1_343' title='bbox 0 0 1544 4954; x_wconf 95' lang='lat' dir='ltr'><strong> </strong></span> 
     </span>
    </p>
   </div>
  </div>
 </body>
</html>
