3078 4954
183 694 312 770 iniunt,
340 711 397 774 qua
420 692 518 776 specie
541 709 672 774 uncpoarn
696 695 907 762 Prometheum
932 698 1121 780 propositum
1145 721 1212 767 esse
1235 723 1340 786 parum

182 797 315 863 credibile
339 806 392 860 est
432 797 460 860 is
486 797 636 880 prominet
660 797 779 863 dimidia
806 802 864 864 iere
889 801 935 864 sui
961 809 1045 884 parte
1069 823 1085 866 e
1108 813 1189 868 strue
1214 807 1340 889 quadam

181 900 325 983 lapidum,
348 899 465 964 rudium
486 899 604 983 quidem
624 900 755 978 illenim,
782 905 833 968 scd
854 903 957 968 ordine
977 913 1074 970 umen
1094 908 1339 991 compositorum,

181 1011 212 1068 ut
230 1023 297 1068 esse
317 1002 416 1068 solent
435 1004 464 1068 in
484 1004 636 1082 aediliciis,
655 1025 730 1088 quae
749 1005 879 1088 cyclopis
894 1007 1046 1086 dicuntur,
1066 1009 1124 1073 nisi
1145 1013 1223 1094 quod
1240 1012 1271 1076 in
1287 1013 1342 1078 hac

180 1107 294 1192 pictura
320 1107 429 1190 lapides
455 1108 527 1171 satis
554 1109 633 1190 parti
660 1118 742 1181 sunt,
770 1109 946 1192 maximique
961 1129 1078 1188 eorum,
1104 1112 1129 1176 si
1155 1115 1189 1178 ad
1210 1116 1341 1180 hominis

180 1229 350 1275 mensuram
363 1220 583 1294 conspicientur,
605 1211 649 1275 tir
665 1212 769 1295 capitis
785 1213 907 1277 modum
923 1215 1080 1291 excedunt,
1100 1215 1230 1294 minimi,
1246 1238 1341 1302 quan·

180 1324 229 1378 toa
251 1312 332 1378 facile
351 1333 458 1380 manus
481 1324 561 1379 totos
581 1315 826 1398 comprehendat:
851 1315 985 1381 universa
1006 1329 1103 1382 auum
1126 1321 1241 1404 species
1266 1323 1342 1387 muri

180 1429 226 1484 est
245 1430 296 1484 aut
314 1417 475 1501 imperfecti
490 1429 540 1484 aut
558 1418 660 1492 diruti,
680 1419 758 1502 quali
773 1420 871 1501 specie
890 1439 1009 1502 rupem,
1030 1422 1059 1485 in
1075 1443 1132 1506 qua
1148 1425 1342 1490 Prometheus

181 1523 295 1586 vinctus
315 1521 382 1596 luit,
400 1531 619 1603 repraesentare
638 1541 726 1586 nemo
742 1524 875 1604 prolecto
895 1525 999 1604 potuit.
1029 1526 1158 1608 Peniqm
1178 1527 1292 1592 advolat
1306 1529 1343 1592 nd

180 1625 333 1688 hominem
351 1641 473 1704 serpens
492 1624 598 1686 alatus:
622 1643 709 1706 nerem
731 1644 786 1706 pro
805 1625 914 1707 aquila,
933 1626 1102 1691 Promethei
1123 1647 1232 1710 corpus
1251 1629 1342 1693 lania·

181 1736 260 1802 tura,
278 1745 294 1789 a
309 1725 422 1806 pictore
437 1723 628 1788 substitutum
644 1735 774 1789 essesut
789 1727 923 1809 potuisse
937 1728 1075 1793 substitui
1090 1747 1241 1812 nunquam
1253 1731 1342 1794 nobis

179 1827 412 1913 persuadebitur.
431 1861 475 1876 -
495 1827 621 1892 Necesse
640 1837 687 1892 cst
706 1829 794 1910 igitur
813 1829 888 1894 alind
910 1849 978 1894 esse
996 1829 1085 1896 huius
1105 1831 1236 1914 picturae
1255 1851 1343 1915 argu·

180 1942 327 1997 mentum:
343 1931 559 2014 «lacedaemon,
580 1949 641 1994 non
656 1931 774 2013 quidone
790 1933 898 2016 pudeat
912 1952 960 1998 me
975 1933 1104 2008 nescire,
1125 1953 1220 2018 neque
1236 1947 1344 2013 tamen,

181 2037 250 2120 quid
272 2035 342 2099 mihi
366 2035 509 2110 videatur,
533 2035 629 2098 dicere
653 2035 887 2111 verecundabor,
910 2055 1002 2119 quum
1026 2040 1200 2120 praesertim
1225 2039 1344 2104 lahnius

182 2149 299 2214 noster,
332 2139 539 2220 archaeologus
569 2137 781 2220 peritissimus,
815 2138 892 2202 idom
922 2123 986 2203 sibi
1012 2140 1124 2205 dudum
1153 2142 1249 2206 deum
1278 2161 1345 2206 esse

183 2243 403 2327 significaverit,
429 2243 458 2307 in
478 2241 631 2307 Palamede
656 2261 685 2324 p.
705 2242 761 2316 dd,
785 2243 930 2326 simulque
953 2262 1056 2308 eorum
1079 2263 1128 2309 me
1148 2245 1344 2320 admonuerit,

182 2347 298 2432 quaein
313 2347 435 2411 eandem
447 2345 620 2409 scrotentiam
635 2345 725 2410 aviro
740 2345 948 2423 illustrissimo,
963 2347 1037 2410 (luce
1049 2347 1085 2410 de
1096 2348 1220 2430 Lepores,
1236 2347 1344 2438 scriprta

182 2462 252 2518 sunt
271 2451 300 2515 io
316 2449 476 2514 Annalibus
495 2449 565 2514 inst.
584 2449 727 2514 archaenl.
748 2461 821 2515 tom.
837 2450 858 2525 l,
873 2470 938 2533 pag.
955 2451 1017 2514 cot
1038 2471 1103 2534 sqq.
1133 2450 1240 2514 l'ideor
1259 2451 1346 2534 igitur

183 2557 255 2620 mihi
289 2554 439 2620 hominem
472 2571 630 2636 agnoscere
659 2553 690 2618 in
722 2571 875 2618 meconem
906 2554 1071 2638 Trophonii
1104 2555 1346 2633 descendentem

149 2696 151 2702 ¹
183 2678 306 2743 eamque
326 2657 499 2724 sententiam
518 2659 604 2722 etiarn
625 2667 727 2724 contra
747 2657 891 2722 weicheri
911 2657 1156 2742 disputationem,
1177 2659 1207 2724 in
1227 2659 1344 2724 [liumis

184 2763 355 2848 antiquariis
372 2783 397 2826 a.
418 2759 508 2838 1838,
528 2783 557 2845 p.
573 2762 644 2840 219,
659 2763 741 2828 lacilo
759 2761 875 2827 delendi
895 2782 986 2845 posse
1005 2763 1140 2828 arbitror.
1170 2763 1244 2828 Nam
1265 2763 1345 2847 quod

183 2869 209 2933 is
229 2867 414 2932 Palamedem
435 2867 645 2949 repraesentari
666 2867 758 2931 credit
775 2867 921 2950 lapidibus
941 2867 1095 2944 obrutum,
1115 2867 1160 2930 vis
1180 2867 1280 2931 minus
1299 2867 1347 2932 in-

183 2971 320 3037 credibile
334 2980 393 3045 est,
412 2989 498 3052 quam
519 2970 587 3033 illud
603 2971 640 3033 de
654 2971 842 3034 Prometheo.
872 2969 1002 3034 Primum
1023 2971 1102 3034 enim
1118 2969 1148 3032 in
1162 2969 1347 3052 lapidatione,

184 3094 276 3159 apuam
302 3073 450 3155 lapidosa
477 3091 580 3154 magna
606 3073 791 3136 multitudino
817 3072 1027 3146 coniiciuntur,
1052 3071 1109 3134 bos
1135 3089 1223 3134 nemo
1250 3075 1350 3137 credet

185 3179 223 3240 ita
239 3176 342 3240 cadere
358 3195 463 3256 posse,
477 3184 509 3238 ut
525 3175 554 3236 in
570 3175 646 3236 tnuri
662 3174 815 3255 diligenter
829 3174 991 3237 constructi
1008 3176 1132 3237 sormam
1149 3183 1262 3250 coeant,
1279 3195 1347 3238 euna

185 3289 299 3352 arrum,
318 3277 348 3340 io
368 3296 458 3358 quem
477 3275 600 3340 coniecti
617 3285 702 3351 sont,
721 3286 849 3340 erectum
865 3285 958 3351 stare,
979 3276 1049 3339 dum
1064 3276 1174 3357 lapides
1188 3276 1224 3338 nd
1240 3277 1349 3359 pubem

185 3401 281 3465 usque
301 3380 521 3444 areunculantur
540 3389 569 3442 et
590 3387 659 3461 post
676 3397 744 3442 eum
764 3379 836 3442 adeo
857 3377 887 3441 in
907 3379 996 3442 altum
1017 3387 1191 3459 exsurgunt,
1211 3387 1349 3461 utsupra
1423 3433 1426 3440 .

185 3484 282 3568 ipsius
296 3491 384 3565 captu
396 3483 559 3558 emineant,
573 3481 820 3562 quemadmodum
842 3481 872 3543 in
889 3481 942 3544 hac
956 3481 1068 3562 pictura
1085 3482 1193 3544 lactum
1207 3481 1349 3544 ridemus.

186 3589 256 3652 Non
271 3587 360 3668 igitur
373 3585 515 3667 intelligo,
530 3584 579 3666 epti
594 3584 722 3666 potuerit
736 3583 904 3648 Welcherus
924 3585 961 3648 ad
977 3584 1074 3666 ipsum
1091 3583 1261 3666 adspectum
1276 3602 1349 3666 pro·

186 3711 305 3765 sumre,
317 3689 377 3773 'qui
396 3687 468 3752 mihi
487 3688 605 3770 quidem
628 3705 747 3750 omnem
766 3686 951 3769 lapidationis
970 3683 1176 3768 cogitationem
1197 3685 1351 3751 excludere

186 3805 217 3859 et
236 3793 340 3876 prromd
364 3811 464 3857 arcere
487 3789 608 3854 videtur.
643 3791 729 3867 Quod
753 3799 849 3854 nutem
871 3789 1024 3854 introitum
1049 3788 1080 3852 in
1098 3807 1253 3852 carmnam
1273 3789 1350 3853 'l'ro-

187 3897 291 3982 plrouii
316 3893 529 3980 repraesentari
553 3902 652 3976 negat,
677 3911 740 3958 non
765 3911 836 3958 sane
862 3893 931 3957 ostii
957 3893 1050 3959 instar
1074 3891 1222 3967 ridemus,
1249 3892 1350 3974 patulo

187 4001 232 4065 rel
265 3999 347 4064 aditu
374 3999 419 4063 tel
447 4000 604 4063 descensu:
639 3998 692 4060 sed
726 3999 761 4062 ad
791 3996 957 4079 Trophonii
991 4013 1144 4061 cavernam
1173 3994 1350 4059 descensum

189 4103 279 4166 inisse
298 4102 420 4184 legimus
440 4120 494 4186 per
519 4103 652 4166 toramen
668 4099 923 4182 angustissimum,
940 4117 999 4180 quo
1014 4116 1104 4179 quum
1120 4097 1146 4161 ie
1161 4097 1211 4179 qui
1228 4095 1351 4162 dacon-

189 4223 279 4270 surus
302 4214 365 4270 erat
389 4205 479 4288 prodes
505 4205 687 4281 immisisset,
710 4201 810 4266 subito
835 4201 948 4266 occulta
973 4200 1098 4285 quadam
1122 4201 1149 4264 vi
1170 4201 1251 4266 intus
1272 4200 1351 4266 abri-

135 4367 138 4377 .
190 4315 323 4394 macter:
344 4306 431 4390 idque
454 4310 586 4374 toramen
607 4307 697 4373 titisse
713 4307 744 4370 in
758 4307 848 4370 latere
868 4321 977 4388 specus
995 4303 1146 4370 outonem
1166 4323 1228 4370 non
1248 4316 1353 4369 namra

146 4419 177 4473 tt
192 4411 247 4476 sed
270 4419 334 4476 arte
359 4411 441 4488 lacti,
469 4411 552 4476 cuius
577 4411 731 4476 circuitum
756 4408 907 4492 probabile
931 4416 978 4472 cst
1000 4407 1145 4491 lapidibus
1170 4417 1352 4474 exabuctmn
