3078 4954
713 431 773 499 tat

164 631 286 688 cturss
309 625 474 706 proferre
497 621 712 696 audientem,
738 621 775 684 de
789 621 878 686 verbo
900 613 1080 701 ἐξεικάζενν
1102 621 1131 683 in
1146 619 1251 682 eodem
1268 638 1329 702 quur

163 727 308 792 Stanioius
328 746 428 792 errore
442 737 590 804 uersatur,
605 726 657 790 sed
672 725 842 790 adverbium
859 716 997 812 ἀληθῶς
1010 745 1077 788 αισι
1093 717 1233 788 κλύοντα
1254 741 1330 786 ron·

166 831 297 894 iunctum
320 833 363 894 sic
382 832 531 913 accepisse
552 830 678 904 ridetur,
699 828 783 911 qussi
803 819 940 914 ἀληθῶς
961 821 1071 891 κλύειν
1092 827 1168 889 ide-m
1188 826 1227 889 ait
1241 837 1330 908 atquo

165 926 299 1017 ἀληθέα
319 927 438 996 κλύειν.
483 933 548 996 11οσ
561 934 688 995 refutare
708 949 768 993 non
784 949 861 1011 opus
883 942 937 993 est.
982 930 1126 992 ltirersmn
1142 929 1179 989 ab
1194 939 1331 1009 utroque,

164 1037 216 1097 aed
237 1053 298 1096 non
319 1036 469 1098 meliorem
491 1035 565 1097 riam
587 1033 787 1097 Blorntieidius
805 1033 881 1095 iniit:
906 1051 975 1094 nmn
1003 1022 1101 1094 οὐδὲν
1121 1025 1330 1114 &pantapten

164 1135 328 1215 siguificare
340 1143 422 1218 putat
434 1153 507 1198 nou
519 1135 622 1198 modu
636 1134 704 1197 levi
720 1133 959 1197 similitudine
973 1151 1157 1213 expressa,
1172 1141 1203 1194 nt
1215 1133 1328 1194 subsu-

164 1235 220 1298 diri
237 1252 357 1298 nocrssc
372 1235 411 1298 ait
426 1235 485 1298 aed
501 1253 653 1316 prorsus
668 1235 869 1298 assimilata
885 1244 989 1314 etque
1004 1249 1170 1313 congrue.
1204 1233 1328 1294 tisinum

165 1333 275 1418 igitur?
304 1335 417 1418 Nempe
432 1335 542 1398 ueritati
563 1355 671 1400 rerum.
702 1338 739 1400 Et
759 1338 884 1399 tortasse
898 1337 975 1398 hanc
994 1334 1121 1396 raritatis
1138 1335 1330 1414 significatio·

165 1457 232 1500 nem
249 1437 378 1500 inuenire
399 1437 453 1501 sibi
468 1437 549 1501 risus
569 1447 616 1500 est
634 1439 664 1500 in
679 1438 815 1502 adverbio
832 1430 985 1524 ἀληθῶς,
1000 1437 1083 1518 quasi
1098 1427 1237 1522 ἀληθῶς
1250 1430 1330 1521 ἐξη-

163 1535 310 1621 κασμὲνα
330 1540 407 1604 idem
426 1539 465 1604 sit
483 1541 562 1622 quod
577 1531 742 1626 ἀληθέσιν
754 1533 967 1626 ἐξῃκασμένα.
1002 1540 1078 1614 Quid
1100 1539 1182 1621 ptura
1197 1538 1330 1601 addam?

165 1643 281 1707 Certum
308 1652 354 1708 est
379 1643 552 1726 Aeschylum
583 1643 739 1724 scripsisse
764 1634 903 1730 α’ληθῶς
929 1631 1023 1708 ndum
1048 1635 1267 1728 ἒξηκασμένα,
1301 1654 1331 1706 rt

163 1737 258 1809 οὐδὲν
276 1765 331 1828 pro
352 1731 446 1810 οὖσαν
464 1745 589 1810 librariis
610 1745 718 1810 deberi.
753 1746 826 1809 Nam
847 1737 985 1832 ἀληθῶς
1005 1738 1084 1810 ὄντα
1103 1757 1173 1810 sunt
1191 1765 1239 1810 rea
1259 1765 1331 1809 rum

165 1856 275 1926 gestae,
296 1845 429 1909 uaticinia
452 1855 549 1910 autem
573 1846 662 1909 rebus
683 1865 751 1909 rere
773 1848 862 1927 gestia
884 1867 1015 1928 congma
1030 1868 1152 1929 easque,
1175 1859 1208 1911 ut
1230 1859 1331 1930 gestan

164 1957 256 2022 erant,
273 1949 318 2011 sio
331 1947 495 2022 serenam,
511 1957 589 2010 recto
603 1945 741 2009 dicuntur
755 1937 895 2032 ἀληθῶς
916 1935 1011 2011 σι’·σιν
1032 1941 1247 2032 ἐξῃκασμένα.

250 2047 318 2111 Non
333 2048 431 2111 minus
443 2059 521 2110 certa
536 2045 700 2110 emendatio
716 2056 761 2108 cst
775 2066 802 2110 v.
822 2047 912 2120 1211,
928 2047 978 2111 ubi
989 2048 1181 2124 Gnsaandrae,
1195 2048 1331 2114 r‘nticinia

165 2169 250 2214 suaa
270 2150 362 2214 choro
382 2167 443 2214 non
465 2157 541 2214 recte
560 2157 697 2230 percepta
718 2148 838 2222 ridenti,
857 2149 929 2212 haec
948 2150 1034 2212 rerba
1055 2152 1085 2212 in
1106 2151 1257 2216 codicibus
1277 2154 1332 2216 tri·
1451 2175 1454 2184 ⁴

166 2255 309 2317 buuntur:

351 2362 373 2462 ἦ
388 2366 483 2463 κάρτ’
497 2365 553 2458 ἄρ’
572 2365 618 2438 ἂν
633 2367 862 2460 nepessinus
877 2373 1031 2464 χρησμῶν
1045 2371 1142 2461 ἐμῶν.

166 2519 249 2600 Piget
269 2520 457 2601 superiorum
477 2514 631 2582 conamina
648 2517 770 2591 referre,
796 2536 923 2598 quorum
943 2537 1031 2582 nemo
1051 2519 1080 2582 in
1107 2525 1332 2588 cunstmctiona·

166 2620 246 2684 uerbi
260 2619 494 2702 παρασκσπεῖν
512 2637 579 2682 cum
600 2617 727 2698 genitivo
749 2637 821 2681 casu
839 2621 1000 2684 otiendisae
1019 2621 1145 2698 ridetur,
1165 2625 1232 2689 licet
1251 2628 1332 2690 nnita

166 2732 205 2785 srt
220 2720 307 2784 huius
321 2720 520 2784 detendendae
534 2718 618 2782 ratio.
649 2719 730 2781 Unua
746 2719 928 2800 ituagrarius
948 2725 1142 2787 accusativum
1159 2727 1266 2808 requiri
1282 2727 1332 2791 in·

167 2822 280 2897 teliexit,
295 2821 510 2904 proposuitque
526 2809 546 2906 ἦ
561 2811 657 2905 κάρτ’
675 2819 780 2900 (voluit
792 2814 910 2904 κάρθ’)
927 2815 1005 2906 ὅρον
1019 2845 1157 2909 tropeos.
1201 2831 1333 2911 Auctar-

167 2925 213 2988 ius
227 2932 324 2987 autem
340 2921 461 3004 scripsit

352 3033 373 3132 ἦ
391 3037 498 3129 sciptor
516 3041 604 3108 ναῦν
623 3040 852 3127 παρεσνόσεις
870 3047 1024 3132 χρησμῶν
1042 3043 1139 3132 ἐμῶν,

166 3190 244 3253 unde
270 3195 429 3272 postquam
454 3205 617 3271 καρταναν
645 3187 752 3250 iactum
778 3197 838 3264 cst,
868 3201 1051 3256 correctores
1082 3195 1206 3257 aiterum
1236 3185 1278 3258 ὄν
1303 3197 1336 3259 in

166 3281 217 3373 ἄρ’
231 3298 391 3354 mutarunt.
424 3288 538 3364 Quodsi
559 3287 608 3370 qui
623 3290 699 3353 torte
719 3289 792 3365 sint,
811 3291 860 3372 qui
876 3287 951 3354 νοΐ-ν
965 3312 991 3355 ν.
1014 3303 1165 3359 mentem
1179 3297 1336 3361 vadrinio-

166 3411 232 3456 rum
253 3392 310 3456 sibi
330 3389 450 3475 probari
469 3390 629 3471 postulent,
648 3389 679 3454 iri
700 3390 872 3456 Fisctrerurn
892 3395 1011 3466 adeant.
1032 3396 1068 3459 ad
1084 3397 1235 3480 Aristoph.
1257 3399 1336 3464 rtur.
1361 3435 1366 3446 ·

166 3513 193 3556 r.
209 3496 259 3570 55,
274 3493 324 3558 ubi
339 3493 457 3574 iegitur:
478 3483 671 3574 πυθοίμεθ’
691 3482 733 3556 ἂν
749 3489 807 3556 τὸν
819 3491 965 3582 χρησμὸν
984 3487 1300 3586 ἡμῖν1νσΙησνξμῶν)
1316 3495 1339 3564 a‘i

165 3615 202 3659 aa
215 3594 293 3659 νοεῖ.

251 3695 397 3760 Verauum
416 3693 497 3758 trau
512 3701 543 3756 ct
560 3693 640 3756 ruat
652 3694 786 3760 ordinem
799 3698 829 3761 in
841 3698 991 3764 codicibus
1003 3701 1151 3766 turbatum
1167 3705 1335 3771 rectisairue
1352 3723 1370 3773 o

167 3797 355 3863 tremamus
370 3795 512 3862 restituit:

391 3937 564 4030 ὀμώμοται
587 3944 648 4038 peip
671 3941 767 4035 ὅρκος
788 3946 825 4018 ἐκ
846 3950 938 4018 θεῶν
956 3949 1071 4039 μέγας,

391 4039 503 4128 ἕξειν
522 4072 574 4116 νιν
594 4044 769 4134 ὑπτίασμα
790 4049 942 4137 κειμένου
964 4051 1101 4141 πατρός.

169 4204 221 4268 acri
236 4222 311 4286 quac
324 4203 361 4268 alr
375 4206 482 4270 eodem
498 4205 701 4292 interpretatio
715 4189 935 4291 propositam,
950 4211 1062 4296 opusc
1072 4215 1107 4280 11.
1119 4237 1150 4301 p.
1161 4217 1214 4296 st,
1229 4239 1340 4289 vereor·

34 4321 36 4326 ’
169 4315 202 4370 ut
221 4305 314 4370 teneri
332 4305 445 4388 possit:
470 4327 632 4391 maguum
653 4309 747 4376 enim
766 4310 807 4374 ab
826 4311 897 4376 diis
916 4313 1050 4382 dictum
1070 4329 1129 4384 est
1147 4320 1340 4391 iusiuran-

170 4407 268 4484 dum,
282 4414 530 4474 revocaturum
550 4429 627 4476 oum
645 4431 725 4478 csse
738 4431 856 4478 necem
876 4419 1055 4497 prostrati
1069 4423 1195 4505 patris.
1239 4427 1338 4494 immo
