3092 4964
613 457 672 520 175

546 541 746 557 .—

64 639 243 732 τροφεῦσιν
264 633 411 729 ἀμείβων
431 679 486 710 -.
517 645 564 712 λιί
581 647 708 712 eundem
726 646 850 712 modum
865 647 953 712 etiam
967 647 1110 731 auopbae
1124 659 1227 710 remus

65 749 235 814 dimetiendi
250 758 345 814 emnt.

151 856 260 929 Quarta
278 853 368 919 huius
390 854 494 919 cantici
513 856 637 938 stropba
657 865 716 919 tana
731 855 839 919 misere
853 866 991 939 conupta
1006 865 1065 931 est,
1078 867 1113 920 ut
1126 871 1236 920 emen·
1279 933 1281 936 Ι

66 956 138 1033 dari,
152 955 210 1021 nisi
225 959 344 1038 quando
360 957 533 1040 integriores
548 958 664 1023 codices
679 979 767 1042 opem
782 959 912 1034 tulerint,
926 959 973 1022 rix
988 978 1080 1043 posse
1089 959 1242 1022 rideatur·

66 1060 124 1123 Sed
136 1061 388 1143 quemadmodum
399 1061 429 1124 in
440 1062 602 1143 desperatis
612 1062 740 1144 aegrotis
752 1062 858 1126 medici
869 1072 982 1126 tentore
993 1073 1090 1126 tamm
1101 1061 1248 1144 aliquam

68 1163 243 1226 medicinam
258 1163 369 1240 solent,
389 1164 433 1227 sic
451 1164 481 1227 iu
501 1165 670 1229 huiusmodi
685 1164 757 1228 locis
773 1183 835 1228 non
855 1164 1043 1228 inridendum
1058 1174 1106 1228 est
1120 1165 1254 1228 enrico,

68 1265 94 1326 si
109 1265 321 1343 coniecturam,
336 1267 469 1348 quamvis
484 1267 652 1350 ancipitem,
668 1285 730 1330 non
745 1277 844 1330 tamen
859 1267 1020 1332 absurdam
1039 1267 1255 1348 periclitetur·

68 1365 102 1429 ln
116 1367 214 1450 primo
229 1366 348 1450 quidem
362 1387 463 1444 versu,

153 1466 249 1556 φιλεῖ
269 1464 307 1534 δὲ
327 1462 451 1536 τίκτειν
465 1463 561 1556 όβρις
574 1466 634 1552 μὲν
649 1467 781 1536 παλαιό
794 1466 972 1552 leudoveus
985 1465 1020 1538 le
1039 1472 1157 1550 κακοῖς

370 1571 500 1659 βροτῶν
520 1567 630 1662 tapes,

69 1677 141 1740 nibil
155 1677 329 1741 ollensionis
343 1689 402 1754 est,
417 1679 447 1742 in
462 1678 606 1760 proximis
621 1687 733 1754 autem,

271 1772 337 1844 τότ’
360 1769 384 1868 ἢ
404 1773 482 1846 τόθ’
506 1773 585 1846 όταν
604 1777 644 1846 τό
666 1777 782 1868 κόριον
802 1777 889 1868 μόλῃ

273 1879 373 1967 νεαρὰ
395 1877 505 1971 φάους
526 1877 638 1963 κότον,

73 1997 223 2070 postrema
239 1987 292 2050 trio
308 1987 395 2051 rerba
410 1988 495 2069 plane
510 2006 600 2051 sensu
614 2007 697 2051 cassa
712 2007 780 2050 esse
790 1997 924 2070 apparet,
939 2005 1035 2068 neque
1049 1988 1150 2069 priora
1164 1983 1266 2051 sacis

72 2108 144 2153 sana
159 2109 225 2152 esse
239 2089 382 2153 ridentur.
408 2089 541 2153 Primum
557 2090 635 2153 enim
652 2090 716 2171 ipsa
730 2090 803 2154 baec
816 2090 949 2171 loquutio
965 2082 1044 2154 όταν
1063 2086 1104 2152 τό
1125 2085 1268 2175 κόριον

72 2185 157 2276 μόλῃ
178 2201 256 2253 certe
276 2191 409 2254 insolens
429 2199 523 2254 estet
543 2191 608 2253 sine
627 2191 776 2272 exenrplo,
796 2210 891 2272 necrus
913 2191 940 2253 id
956 2191 1036 2272 quod
1053 2191 1261 2254 ttannanous

74 2293 186 2375 posuit,
208 2283 274 2356 ἴστ’
296 2282 336 2354 dv
357 2285 417 2356 dari
438 2286 479 2355 τό
501 2286 615 2375 κόριον
634 2285 721 2378 μόλῃ
728 2336 737 2368 ,
761 2293 885 2356 multum
910 2292 1123 2373 probabilitatis
1143 2293 1258 2355 babet·

74 2394 150 2470 Quid
166 2403 213 2458 est
234 2394 312 2456 enim
335 2387 395 2459 tut
416 2389 456 2458 cd
479 2387 592 2478 κόριον
604 2391 733 2476 μολεῖν,
756 2395 793 2456 de
808 2394 962 2458 insolentie
978 2393 1114 2457 dictuml
1144 2394 1258 2457 uarro

73 2507 170 2560 eutem
186 2497 255 2561 illud
270 2515 389 2578 quoque
405 2496 448 2559 rix
464 2497 551 2559 credo
567 2497 604 2559 ab
619 2496 762 2578 Aeschylo
775 2497 886 2559 dictum
901 2515 977 2570 esse,
989 2495 1176 2559 insolentiam
1187 2517 1256 2559 εστ

75 2599 135 2662 lere
160 2619 268 2662 noram
293 2619 328 2662 er
354 2617 387 2660 se
416 2598 602 2661 insolentiam
629 2617 733 2680 parere
756 2589 824 2662 τότ’
847 2589 869 2684 ἢ
892 2592 983 2676 τότε,
1009 2599 1038 2661 b.
1061 2619 1087 2661 e.
1116 2599 1247 2662 serius

75 2701 190 2779 ocius,
205 2700 456 2783 quemadmodum
471 2711 550 2764 recte
570 2700 642 2764 baec
661 2703 786 2764 lormula
807 2701 844 2764 ab
864 2701 1072 2782 interpretibus
1087 2702 1242 2783 accipitur.

76 2805 151 2868 Nam
167 2803 339 2868 insolentiae
358 2803 510 2886 propriam
530 2804 589 2866 boc
603 2823 669 2866 esse
683 2813 769 2887 puto,
789 2813 822 2867 ut
836 2804 915 2866 nullo
931 2822 992 2867 non
1009 2813 1144 2887 tempore
1158 2805 1243 2868 inso-

76 2908 170 2970 lenter
183 2916 258 2988 agat
289 2906 348 2969 Sed
364 2906 460 2970 serius
476 2907 559 2970 ocius
573 2907 693 2971 exitium
709 2907 870 2971 insolentes
889 2908 1088 2988 consequitur,
1101 2907 1152 2971 ubi
1169 2911 1243 2972 lata·

76 3010 112 3074 lis
136 3009 279 3072 terminus
306 3009 463 3073 advenerit
504 3011 605 3092 ltaque
631 3010 657 3072 si
682 3011 847 3074 scribamus
866 3005 944 3074 τότε
966 3001 1018 3096 d'ip'
1038 3002 1116 3088 τότ’,
1138 3002 1177 3096 ἢν
1203 3009 1244 3076 τό

78 3106 190 3200 κόριον
202 3106 288 3196 μόλῃ
303 3106 397 3189 τέλος
420 3147 475 3189 -,
501 3123 531 3175 et
545 3112 747 3194 loquutionem
762 3112 936 3177 habebimus
951 3113 1097 3185 usitatam,
1113 3107 1246 3196 (κόριον

77 3208 170 3292 τέλος
180 3224 225 3278 est
235 3215 320 3278 Eum.
332 3233 358 3276 v.
368 3215 441 3279 534.
452 3208 548 3293 τέλος
555 3212 668 3298 μολεῖν
678 3215 784 3282 dicitur
796 3217 877 3298 Sept.
890 3215 983 3279 Tuon.
1000 3235 1025 3280 r.
1046 3216 1133 3293 348),
1149 3234 1246 3299 nequae

79 3337 148 3382 roro
164 3317 253 3381 nirnis
265 3318 402 3382 audacter
412 3328 463 3382 aut
472 3319 604 3384 additum
616 3321 712 3385 vomui
725 3321 812 3384 breve
824 3319 1006 3392 vocabulum,
1021 3321 1102 3400 ‹ptrorl
1114 3320 1248 3384 excidere

80 3421 161 3486 locile
175 3421 287 3504 potuit,
309 3430 360 3485 aut
377 3415 453 3486 τότε
475 3413 529 3508 όῆ
550 3442 605 3506 pro
625 3413 693 3487 τότ’
716 3413 738 3508 ἢ
760 3423 939 3505 repositum,
960 3434 1010 3488 aut
1029 3414 1069 3509 ἢν
1090 3443 1146 3506 pro
1169 3417 1248 3488 όταν

80 3527 223 3606 scriptum
240 3524 395 3589 videbitur.
425 3525 501 3588 Nara
521 3528 579 3590 boc
597 3527 718 3608 quidem
738 3519 818 3590 ὅταν
835 3527 916 3590 facile
936 3547 971 3590 ex
987 3527 1246 3610 interpretamento

52 3647 54 3652 ’
80 3628 210 3710 irrepere
224 3628 334 3709 potuit,
348 3629 522 3709 praesertim
538 3629 563 3692 si
579 3638 700 3704 statuas,
712 3629 741 3692 in
754 3631 820 3693 cod.
836 3621 1035 3710 descriptum
1052 3631 1152 3704 luisse,
1166 3631 1244 3712 quod

81 3729 238 3814 aliquoties
258 3748 313 3811 pro
337 3729 385 3792 illo
407 3731 497 3793 altero
517 3730 604 3795 etiam
625 3731 654 3794 in
674 3730 853 3810 tragicorum
869 3730 1019 3796 codicibus
1034 3733 1159 3796 inueniri
1173 3751 1244 3796 con·

81 3844 150 3908 stat,
177 3833 332 3916 potuitque
351 3833 621 3914 interpretationem
647 3833 797 3914 postulare
823 3833 928 3907 rideri,
954 3852 993 3897 ue
1018 3835 1174 3900 baberetur
1191 3855 1245 3917 pro
1261 3849 1292 3901 tt

11 3961 14 3968 ·
82 3935 221 4019 particula
237 3935 396 4019 potentiali.
427 3937 537 4000 Versus
556 3945 653 4000 autem
667 3945 715 3999 est
729 3935 871 4000 iarrrbieus
890 3936 1035 4010 trimeter,
1055 3947 1089 4002 ut
1106 3939 1246 4001 antistro-

83 4041 161 4122 plros
176 4059 202 4103 ν.
218 4039 292 4114 744,
307 4058 486 4121 spuarrrrpuam
502 4058 564 4102 non
579 4039 665 4122 plane
680 4039 785 4102 iisdem
800 4038 924 4121 pedibus
936 4039 1087 4102 incedens.
1117 4041 1176 4104 Sed
1191 4041 1248 4104 boe

82 4149 187 4224 postea
206 4141 368 4204 curabitur:
395 4159 475 4206 nune
490 4140 640 4206 rideamus
655 4142 710 4206 tria
730 4143 776 4206 illa
797 4142 1007 4225 inexplicabilia
1022 4138 1123 4229 νεαρὰ
1144 4137 1249 4232 priore

84 4237 192 4309 κότον.
229 4244 390 4308 llermanni
405 4245 563 4320 sententia,
579 4243 630 4328 qui
644 4237 745 4309 κότον
758 4245 876 4323 delerit,
891 4255 925 4310 ut
938 4265 975 4310 ex
989 4245 1247 4330 inmmretamento

84 4348 194 4413 illatum
208 4348 246 4412 ad
261 4340 415 4431 δαίμονα,
429 4367 456 4412 v.
472 4348 544 4425 783,
557 4348 718 4432 adscripto,
728 4349 807 4413 baud
823 4349 905 4414 facile
919 4349 1056 4432 cuiquam
1070 4351 1249 4434 probabitur,

72 4451 231 4536 siqudem
253 4469 350 4534 neque
369 4471 446 4534 opus
466 4449 521 4515 luit
538 4451 595 4516 ulls
614 4451 702 4517 buius
720 4451 854 4556 vocabuli
880 4450 1133 4537 interpretatione,
1158 4473 1249 4536 nepus

9 4702 91 4728 A
