3078 4954
189 713 254 770 νοις
273 701 324 757 aut
345 683 602 774 ἀδαμαντίνως,
628 703 658 758 et
679 691 838 762 πέδαισιν
863 706 914 761 ιιι
935 687 1079 782 stupco
1105 707 1190 764 extat
1224 696 1345 774 „Quiris

187 803 286 870 unus“,
300 794 395 877 inquit
409 795 600 871 lllieselerus,
616 799 687 881 „qui
702 810 835 864 accurate
849 800 1049 884 pensitaverit,
1067 813 1248 884 quantopere
1263 799 1346 864 codi-

185 915 248 962 cum
269 897 408 962 lectiones
427 901 614 965 consentiant
637 903 722 966 stab
751 923 799 979 ea,
825 923 900 987 quae
928 924 944 968 a
963 903 1121 968 scholiasta
1139 903 1346 986 Aristophanis

184 999 285 1064 tradita
315 1009 376 1078 est,
410 1001 593 1085 discrepent,
628 1005 666 1069 illi
703 1007 838 1071 codicum
868 1006 1027 1072 consensui
1063 1007 1129 1090 plus
1159 1005 1348 1070 tribuendum

184 1103 325 1181 oenmbit,
359 1124 447 1186 quana
483 1107 683 1173 scitoliastac.“
737 1110 806 1175 blibi
837 1120 954 1186 contra,
989 1129 1048 1192 quo
1083 1109 1149 1194 quis
1185 1109 1347 1175 accuratius

184 1207 263 1271 illum
300 1225 477 1272 consensum
503 1211 732 1277 consideraverit
769 1233 948 1297 causamque
983 1213 1047 1276 eius
1082 1213 1273 1296 reputaverit,
1312 1233 1347 1277 eo

186 1309 283 1374 minus
315 1309 342 1373 ei
369 1311 530 1378 tributurus
560 1315 680 1380 ridetur.
726 1313 848 1379 Constat
881 1316 961 1379 enim
991 1335 1096 1380 omnes
1132 1317 1196 1380 illos
1231 1315 1348 1378 codices

186 1431 218 1475 er
243 1431 304 1477 uno
328 1415 464 1498 exemplo
484 1415 626 1498 originem
647 1417 768 1493 hahere,
793 1417 873 1500 quod
897 1418 1064 1500 exemplant
1085 1437 1175 1501 quum
1200 1416 1274 1480 allus
1293 1417 1349 1480 alla

187 1515 298 1579 tidelius
318 1527 530 1598 repraesentet,
555 1530 693 1602 poterunt
719 1521 788 1585 hinc
807 1522 882 1584 inter
904 1541 937 1585 se
956 1521 1118 1603 comparati
1138 1521 1184 1585 aiii
1205 1519 1270 1583 aliis
1286 1538 1349 1582 me·

186 1617 274 1682 liures
294 1631 343 1683 aut
363 1619 524 1685 deteriores
542 1623 612 1696 diri,
633 1641 797 1687 consensus
817 1633 914 1687 autern
936 1623 1069 1688 omnium
1088 1623 1160 1687 nihil
1180 1621 1256 1686 aliud
1278 1640 1351 1703 pro·

188 1721 279 1795 babit,
309 1741 399 1805 quam
426 1723 530 1788 veteris
561 1724 637 1789 illius
668 1725 793 1807 exempli
820 1725 984 1790 lectionem.
1037 1725 1116 1790 llaec
1143 1725 1233 1808 igitur
1260 1743 1351 1806 quum

188 1825 323 1907 opposita
343 1825 382 1888 sit
401 1825 483 1889 alteri
502 1825 632 1902 lectioni,
656 1828 692 1892 ab
712 1827 919 1910 Aristophanis
944 1827 1101 1908 interprete
1122 1835 1265 1902 serratas,
1289 1843 1352 1890 uon

188 1927 348 1989 multorum
367 1927 454 1992 nohis
475 1929 644 1992 testimonia
665 1929 767 1992 audire
787 1929 949 1992 ridebimur
968 1929 1019 1992 uni
1040 1929 1194 2012 apposita,
1217 1928 1269 1992 sed
1289 1929 1353 1991 ein-

190 2027 272 2108 gulos
284 2029 431 2110 utrimque
446 2038 536 2094 testes
547 2050 613 2094 esse
624 2030 819 2106 censebimus,
833 2049 961 2112 quorum
976 2030 1034 2094 utri
1046 2031 1133 2093 tldem
1148 2030 1351 2110 adiungamus,

191 2148 250 2195 non
265 2131 381 2194 aliunde
396 2131 453 2195 nisi
469 2143 519 2196 aut
532 2152 568 2195 ex
583 2133 718 2214 ipsorum
732 2133 903 2196 auctoritate
918 2142 968 2196 aut
979 2153 1014 2196 es
1028 2134 1082 2208 rei,
1097 2151 1185 2215 quam
1201 2141 1354 2208 testantur,

190 2243 292 2298 natura
314 2253 348 2298 ιι
369 2234 571 2317 probabilitate
594 2235 812 2299 diiudicandum
839 2235 886 2300 sit.
925 2235 962 2299 tu
982 2235 1018 2298 de
1044 2235 1214 2299 auctoritate
1236 2234 1353 2316 quidem

192 2337 249 2400 hoc
262 2355 356 2400 unum
372 2355 451 2400 nunc
466 2337 563 2402 dicere
578 2357 751 2420 possumus,
767 2338 838 2402 nihil
854 2357 958 2402 causae
973 2357 1053 2412 esse,
1075 2356 1127 2402 cur
1143 2337 1223 2400 illum
1238 2336 1354 2401 Aristo-

191 2439 299 2522 phanei
320 2439 493 2505 scholiastae
513 2442 660 2518 codicem,
682 2441 767 2505 cuius
789 2442 982 2525 praeterhac
1002 2459 1094 2504 unum
1115 2439 1264 2523 specimen
1284 2439 1356 2504 nihil

191 2542 279 2608 nobis
293 2543 435 2619 innotuit,
453 2561 515 2608 non
535 2545 685 2608 meliorem
706 2545 847 2610 sotadeo
868 2543 1044 2608 deteriorem
1059 2543 1117 2606 istu
1137 2545 1229 2608 luisse
1241 2543 1355 2608 ludice-

190 2666 268 2720 nrus,
284 2645 362 2709 undo
378 2647 473 2711 nostri
488 2635 604 2711 codices
620 2649 775 2724 duxerunt,
789 2666 878 2730 quern
893 2646 1011 2729 quidem
1026 2663 1088 2709 nan
1103 2646 1249 2728 optimum
1265 2647 1355 2711 luisse

190 2749 292 2812 multis
307 2751 486 2830 argumentis
502 2751 655 2832 colligitur.
699 2750 772 2815 Rem
792 2758 888 2813 autem
904 2749 998 2830 ipsam
1019 2766 1072 2830 per
1086 2767 1119 2812 se
1134 2748 1355 2832 contemplanti,

189 2871 250 2916 non
266 2852 375 2935 proterit
388 2853 509 2917 delirium
525 2853 625 2928 aitiori,
641 2863 707 2917 utra
721 2852 807 2916 lectio
822 2849 1001 2934 probabilior
1016 2850 1063 2913 sit
1092 2849 1167 2914 Nam
1183 2853 1263 2934 quod
1275 2852 1355 2916 Wie-

188 2955 302 3018 selorus
316 2956 392 3018 hanc
406 2975 493 3038 ipram
509 2955 685 3020 scholiastes
700 2955 787 3019 trahet
800 2953 956 3019 lectionem
971 2953 1130 3016 coniectori
1146 2954 1230 3018 alicui
1246 2954 1356 3030 deberi,

190 3075 251 3122 non
267 3077 302 3120 es
313 3056 470 3138 integriore
484 3059 560 3123 libro
574 3069 720 3123 serratam
736 3079 802 3122 esse
818 3057 935 3130 iudicat,
950 3056 1026 3119 nulla
1038 3057 1151 3119 ratione
1168 3056 1244 3121 tacit.
1279 3056 1357 3132 Quid

190 3161 270 3224 enim
287 3159 317 3224 in
333 3161 508 3226 coniectoris
524 3161 601 3226 illius
616 3159 693 3224 libro
714 3159 857 3242 scriptum
872 3158 965 3222 luisse
981 3157 1087 3233 credit,
1105 3159 1186 3240 quod
1201 3159 1247 3224 ille
1262 3159 1358 3224 curri·

190 3264 319 3346 gendum
335 3263 500 3346 putaverit?
529 3265 653 3340 llocine,
673 3262 752 3347 quad
768 3259 862 3325 nostri
877 3259 993 3324 codices
1008 3258 1138 3325 babent?
1168 3261 1277 3326 Parum
1292 3282 1358 3328 cre·

191 3367 288 3432 dibilis
304 3369 360 3432 erit
375 3377 453 3434 tanta
469 3369 633 3451 corrigendi
649 3366 777 3431 audacia.
807 3369 853 3429 An
871 3363 953 3442 illud,
970 3364 1049 3446 quod
1065 3364 1240 3429 Wieselcrus
1256 3385 1358 3431 rerum

191 3467 324 3533 iudicati
352 3470 475 3551 Negahit
488 3471 562 3554 ipse,
577 3467 742 3552 corrigendi
757 3486 875 3532 causam
892 3466 994 3530 luisse.
1024 3467 1208 3550 Quamquam
1223 3486 1281 3532 nos
1292 3470 1359 3552 qui·

146 3581 176 3634 tt
195 3575 263 3637 deos
279 3572 361 3636 aliter
375 3573 554 3650 iudicamus3
573 3585 603 3638 et
616 3574 641 3637 si
656 3589 723 3635 rere
738 3573 796 3636 boc
811 3571 962 3634 inventum
978 3569 1008 3632 in
1023 3569 1072 3632 illo
1086 3570 1163 3634 libro
1179 3571 1297 3648 luisset,
1311 3580 1359 3636 to·

194 3674 280 3739 lerari
296 3691 357 3738 non
369 3674 505 3738 debuisse
520 3675 735 3738 contendimus.
765 3671 838 3747 Quis
854 3671 932 3734 enirn
950 3671 1033 3734 talem
1045 3690 1173 3750 tersum,
1187 3692 1250 3738 non
1265 3675 1360 3740 dicam

192 3777 348 3858 Aeschylo,
363 3777 415 3840 sed
431 3777 561 3858 quolibet
579 3777 615 3840 de
635 3775 719 3839 trivio
739 3782 825 3858 poeta
841 3773 962 3854 dignum
978 3773 1100 3849 iudicet,
1121 3767 1363 3858 δδαμιιντίναις

192 3875 326 3958 πέδαις,
345 3872 381 3943 ἐν
403 3871 582 3965 ἀρρήκτοις
602 3872 758 3964 πέτραις,
780 3874 896 3940 duabus
916 3875 1049 3958 partibus
1069 3876 1237 3958 aequalibus
1257 3877 1288 3940 in
1303 3878 1361 3940 ho·

194 3981 388 4046 maeoteleuta
402 3980 626 4045 desinentibus?
655 3984 713 4044 Aut
732 3979 799 4061 quis
821 3976 857 4040 ab
871 3977 1016 4058 Aeschylo
1035 3977 1087 4040 uoi
1101 3977 1191 4042 uerbo
1213 3968 1361 4060 ὀχμάσαι

195 4081 226 4145 ia
239 4099 302 4146 uno
318 4083 461 4148 orationis
476 4083 622 4158 membro,
636 4099 698 4145 uno
713 4089 881 4144 structurae
896 4087 1009 4154 unore,
1024 4079 1098 4143 baec
1112 4079 1171 4172 duo
1187 4074 1276 4165 πρὸς
1295 4071 1361 4146 rri-

195 4203 293 4268 τραις
313 4193 342 4248 st
362 4175 398 4246 tv
418 4177 561 4269 πέτραις
581 4181 700 4264 adiungi
715 4181 851 4265 patuisse
865 4176 987 4244 credet?

778 4276 875 4346 τόνδε
897 4275 997 4366 πρὸς
1016 4275 1187 4368 πέτραις

362 4377 627 4474 ὑψηλοκρήμνοις
646 4383 714 4452 adr
734 4378 877 4468 λιωρμδν
898 4373 1046 4466 ὀχμάσαι
1186 4468 1192 4480 ι

364 4477 603 4570 decumbere
623 4483 747 4565 stidore
765 4481 806 4553 δν
819 4477 996 4573 ἀρρήκτοις
1015 4483 1195 4574 πέτραις.
1268 4583 1270 4590 Ι
1292 4535 1296 4542 ·
