3092 4964
691 413 889 514 ..ellim-

210 607 414 690 Theophrasto
430 603 557 687 scriptus
572 602 619 678 sit,
634 613 861 667 controversum
876 613 930 666 est.
959 602 1150 686 Reliquorum
1161 614 1257 671 autern
1273 607 1371 690 pbilo-

208 714 373 794 sopborum
395 709 583 772 oeconomica
604 705 729 788 scripta,
750 715 866 789 praeter
886 726 978 790 pauoo
1002 707 1201 772 recentiorum
1226 712 1372 794 imprimis

206 817 458 897 Pythagoreorum
474 813 689 892 lragrneutot),
704 811 791 892 plane
806 811 970 894 perierunt,
988 831 1022 874 ao
1036 829 1133 893 nuper
1147 813 1267 877 atomum
1283 834 1371 878 unam

206 919 290 1000 quasi
309 937 344 980 ex
365 936 472 998 nangeio
492 915 643 996 naufragio
664 914 797 978 tabellam
824 917 940 979 lortuna
964 915 1051 978 nobis
1071 917 1183 992 retulit,
1209 917 1372 981 l‘bilodenri

206 1021 356 1104 Epicurei,
371 1021 521 1084 Ciceronis
536 1020 675 1103 aequalis,
698 1020 734 1082 de
749 1017 1002 1083 aalrrrinistratione
1018 1021 1059 1084 rei
1075 1020 1224 1084 barriiliaris
1239 1021 1373 1103 disputa-

172 1133 188 1186 τ
207 1125 332 1200 tionem,
352 1125 472 1189 maioris
488 1126 588 1209 operis
604 1125 640 1186 ale
656 1123 809 1187 virtutibus
825 1123 1032 1207 oppositisque
1047 1124 1122 1188 vitiis
1138 1125 1323 1208 particulam,
1344 1127 1373 1189 in

205 1229 361 1294 llerculani
377 1229 533 1294 ruderibus
549 1238 708 1312 repertam,
727 1247 788 1292 non
803 1229 965 1293 admodum
980 1229 1058 1293 illam
1073 1229 1190 1312 quidem
1215 1229 1259 1294 vel
1278 1229 1374 1294 disso-

205 1335 289 1399 remli
305 1335 463 1400 subtibtate
478 1335 521 1399 vel
537 1334 679 1398 emtionis
694 1333 834 1416 elegantia
847 1333 1119 1410 commendabilem,
1132 1345 1332 1400 verumtamen
1344 1336 1374 1400 in

204 1449 284 1504 tenta
299 1439 423 1504 aliorum
436 1441 473 1504 de
487 1441 546 1504 boo
555 1449 730 1522 argumento
743 1439 922 1523 scriptorum
934 1439 1043 1503 iactura
1058 1439 1286 1522 haudquaquam
1302 1461 1375 1505 saue

204 1544 460 1608 contemnendam.
485 1543 647 1608 Ediderunt
658 1545 735 1608 bano
746 1543 921 1608 Francisous
934 1543 1101 1608 lavaronins
1113 1543 1275 1608 ctCarolus
1286 1545 1375 1608 llaria

205 1648 348 1712 llosinius
374 1647 403 1712 in
431 1649 612 1713 rulurrrinum
638 1647 898 1712 llerctdanensiuru
925 1659 1007 1712 tomo
1034 1648 1131 1724 tertio,
1159 1647 1280 1730 Neapoli
1307 1668 1375 1712 ann.

203 1751 441 1827 atucccxxt'n,
457 1762 570 1837 etpost
586 1755 642 1819 bos
654 1754 775 1817 Carolus
786 1753 989 1836 Goettliugius,
1006 1771 1062 1817 una
1079 1771 1146 1834 cum
1163 1752 1332 1817 Aristotelio
1348 1765 1376 1816 et

205 1857 346 1940 anonymi
362 1859 567 1933 oeconomico,
583 1859 667 1922 lenae
682 1877 751 1922 ann.
763 1857 979 1922 nlucccxxx.
1003 1857 1039 1920 Et
1051 1858 1087 1919 de
1098 1855 1298 1939 Neapolitanis
1310 1858 1376 1938 qui·

205 1958 275 2022 dem
291 1960 452 2024 editoribus
468 1979 549 2025 nuere
562 1962 659 2026 dicere
674 1963 759 2036 nolo,
778 1961 920 2026 noceatis
936 1969 999 2024 tuto
1014 1977 1153 2041 possum,
1174 1978 1266 2042 quum
1281 1960 1375 2042 ipsam

205 2081 312 2125 eornm
338 2063 494 2127 editionem
522 2081 674 2145 nonquam
701 2061 837 2126 viderim:
862 2062 1013 2144 popularis
1037 2071 1136 2125 autem
1160 2071 1264 2125 noster
1285 2081 1375 2144 quum

207 2164 354 2246 praeclare
368 2165 404 2227 do
420 2165 515 2229 tribus
532 2165 586 2230 illis
602 2166 755 2248 opusculis
775 2166 818 2227 eol
838 2163 1018 2228 illustrandis
1038 2164 1080 2225 vel
1100 2165 1293 2228 emendandis
1312 2185 1375 2230 me·

206 2269 312 2343 ruerit,
333 2268 476 2350 permulta
492 2277 589 2331 tamen
605 2268 667 2331 aliis
684 2267 815 2330 sarcienda
831 2267 984 2348 reliquisse
1006 2265 1179 2330 iudicandus
1201 2277 1262 2332 est:
1282 2286 1377 2350 neque

207 2369 236 2432 id
258 2369 381 2444 mirum,
401 2371 429 2432 in
450 2371 626 2434 l‘bilodemo
648 2369 835 2453 pracsertim,
855 2369 990 2451 plurimis
1010 2377 1038 2432 ot
1059 2369 1195 2434 proximis
1215 2371 1244 2434 iu
1265 2390 1377 2454 papyro

136 2533 140 2548 ,,
206 2473 320 2536 lacunis
336 2474 455 2555 aliisque
475 2475 650 2537 aroauloruau
673 2473 830 2553 generibus
852 2472 958 2536 arrisere
976 2473 1108 2546 loedato,
1129 2492 1204 2554 quae
1222 2473 1377 2538 lectionem

207 2575 237 2638 in
257 2575 336 2639 nulla
359 2593 419 2638 nou
440 2575 545 2658 pagina
572 2575 638 2658 plus
665 2576 756 2638 serarel
782 2575 942 2657 impediant
966 2576 1201 2658 sententiamque
1224 2577 1378 2658 scriptoris

207 2677 377 2741 obscurent.
403 2679 485 2742 llano
496 2677 536 2740 ob
548 2698 668 2742 causam
680 2697 771 2760 quum
784 2697 841 2740 nos
854 2687 883 2741 et
894 2678 965 2741 oliru
978 2679 1113 2742 nonnihil
1126 2697 1214 2742 curae
1228 2679 1275 2742 bis
1294 2679 1377 2742 libel·

207 2779 243 2843 lis
259 2779 502 2862 impenderimus,
516 2790 546 2844 et
561 2781 618 2843 boc
629 2779 695 2861 ipso
707 2789 842 2862 tompore
854 2780 890 2842 ad
903 2781 1057 2843 lectionem
1072 2799 1177 2844 eorum
1194 2779 1320 2845 revocati
1336 2781 1378 2843 si·

207 2901 292 2958 naus,
312 2901 374 2946 raon
389 2883 427 2946 ab
443 2902 474 2945 rc
490 2881 586 2946 eisarna
601 2893 646 2946 cst
660 2882 771 2963 aliquot
786 2881 1001 2945 ernendatioais
1017 2891 1137 2946 nostrae
1156 2891 1186 2946 et
1204 2883 1377 2965 interpreta-

208 2983 298 3047 tionis
314 2983 476 3065 speoimina
491 2983 607 3064 publice
622 3002 801 3066 proponere.
828 2983 886 3046 Sed
899 2982 1061 3046 Philodami
1075 3003 1166 3064 quum
1182 2983 1326 3067 tripertita
1341 2985 1379 3047 sit

209 3084 387 3166 disputatio,
400 3093 591 3166 verseturque
606 3084 734 3166 primam
752 3085 783 3149 in
797 3084 1020 3166 Xenophontis,
1039 3085 1144 3150 deindo
1159 3086 1190 3150 in
1205 3085 1379 3162 Aristotelis,

210 3187 269 3288 qel,
288 3196 323 3250 ut
339 3187 402 3269 ipse
419 3187 472 3261 ait,
487 3187 685 3270 'l'beopbrasti
701 3186 895 3250 oeconomico
918 3187 1088 3261 indicando,
1110 3198 1263 3272 postremo
1280 3195 1377 3252 autem

210 3418 250 3470 laic
263 3417 366 3470 libellus
378 3419 409 3472 ad
421 3434 476 3470 eaor
489 3434 552 3487 quae
566 3433 626 3470 rere
638 3417 731 3470 dicitur
742 3417 921 3484 oeconomiam,
939 3434 1012 3486 quuar
1031 3418 1091 3470 nibil
1103 3420 1135 3472 do
1147 3419 1284 3472 domestica
1297 3419 1376 3472 adtui-

210 3504 360 3558 aiatratiouo
373 3504 520 3574 praecipiat,
537 3505 582 3555 aed
600 3504 770 3556 tautummodo
783 3503 853 3556 uaria
865 3503 1030 3556 artificiorum
1043 3505 1158 3574 exempla
1171 3514 1307 3574 proponat,
1323 3505 1377 3574 qui·

209 3589 256 3643 baa
268 3591 388 3644 civitates
399 3607 535 3659 earumque
548 3591 673 3659 principes
685 3591 723 3642 asi
736 3591 789 3642 aiat
799 3591 831 3642 ad
842 3591 973 3656 augustias
984 3591 1143 3644 aerariorum
1154 3592 1334 3645 sublevandas.

277 3679 304 3742 9)
322 3677 447 3745 Pleraque
459 3679 545 3729 boran
557 3678 623 3745 apud
636 3676 751 3729 loannem
763 3675 899 3728 saetacum
913 3684 1015 3730 serrata
1028 3685 1095 3744 suat,
1111 3694 1125 3729 a
1138 3679 1268 3747 Bryaeoia,
1287 3693 1376 3746 perae-

209 3763 262 3815 aati
277 3763 343 3814 und
360 3761 444 3825 dubio,
460 3763 640 3832 Οἰκονομικῷ
658 3761 756 3826 (rtord.
771 3762 810 3814 att
822 3763 863 3828 85,
876 3763 916 3826 lat
934 3762 1111 3816 Callicratidas
1134 3765 1198 3816 libro
1219 3765 1284 3833 napi
1297 3767 1377 3816 οἴκου

209 3843 392 3919 εὐδαιμονίας
409 3849 451 3911 (ib.
465 3847 506 3912 id,
523 3849 562 3899 ll.
576 3849 616 3915 85,
632 3848 671 3899 lli.
688 3847 726 3899 li.
743 3849 792 3912 lb),
809 3847 935 3900 llieroclia
953 3849 1126 3920 οἰκονομικῷ
1143 3850 1185 3914 (ib.
1198 3849 1240 3914 85,
1254 3848 1307 3914 21),
1328 3867 1376 3901 aero

209 3933 320 3999 diverso,
333 3942 361 3986 ot
372 3935 493 3998 arbitror,
510 3951 525 3986 a
543 3935 609 3986 libro
626 3933 689 4006 napi
704 3934 802 3986 clareia
813 3951 834 3986 a.
847 3951 878 3986 π.
893 3935 986 4002 οἴκων,
1007 3951 1079 4002 quero
1096 3936 1149 4003 ipae
1161 3935 1225 3987 citat
1237 3934 1261 3987 ia
1275 3934 1306 3988 fr.
1318 3933 1376 3988 libri

211 4021 276 4089 περὶ
288 4015 383 4090 γάμου
395 4019 427 4072 ib.
440 4021 483 4085 b'i,
495 4021 537 4074 2².
548 4047 584 4060 -
605 4020 709 4088 Aliquot
726 4019 774 4072 loci
790 4035 806 4072 a
817 4018 927 4072 subice
943 4018 1019 4071 atiaaa
1032 4035 1046 4070 a
1059 4019 1147 4072 llioala
1159 4021 1319 4073 oeconomico
1331 4037 1378 4072 ex-

212 4106 292 4172 cerpti
305 4113 365 4156 snat
376 4104 425 4169 (tit.
438 4107 481 4171 42,
496 4107 535 4159 ¹2.
548 4107 589 4170 62,
602 4106 644 4157 lli.
657 4104 699 4171 il,
712 4105 753 4157 all.
767 4103 809 4155 till.
823 4104 864 4171 85,
879 4104 919 4156 ¹2.
934 4103 984 4168 1³),
997 4105 1038 4173 qui
1051 4105 1108 4173 quia
1122 4105 1319 4175 Claryaoatoaaua
1333 4107 1376 4172 ait,

213 4205 261 4240 aaa
273 4189 373 4242 dalion
384 4191 494 4244 videtur.
522 4191 625 4245 Plurimi
641 4199 726 4243 auum
745 4205 794 4242 aaa
810 4187 921 4241 daunai
937 4189 1154 4244 admiaiateatlooa
1165 4191 1309 4258 domestica,
1332 4193 1376 4242 aed

213 4273 244 4326 do
256 4289 307 4326 aaa
316 4275 430 4328 alterave
442 4285 515 4345 parte
526 4279 693 4346 arripuerat,
705 4275 786 4329 velati
797 4275 829 4327 do
841 4273 966 4340 conlegio,
982 4275 1162 4329 deliberarem
1174 4277 1333 4341 educatione,
1345 4276 1376 4327 dc

213 4374 345 4412 urraca·
356 4363 516 4428 tractatione,
527 4363 559 4415 ala
571 4363 669 4417 divitiis
682 4369 801 4432 rectoque
812 4372 899 4413 aarum
912 4375 967 4428 aaa,
975 4361 1008 4414 da
1018 4361 1288 4431 apparando-artico
1300 4361 1376 4432 (naal

214 4444 341 4515 modo),
353 4463 416 4516 quoa
428 4463 578 4515 percensere
592 4451 692 4515 longum
704 4457 753 4503 eat.
