3106 4958
173 639 290 704 ποῖον
311 631 438 719 χόλον·
459 631 574 703 inesco
589 629 622 700 δ’
638 626 730 718 dole
751 631 954 722 benediceres.
990 638 1115 731 μήποτ’
1129 636 1186 712 cir
1208 641 1337 716 decime

171 739 248 821 acic
286 745 401 826 Τρῶας
433 738 650 822 καταρᾶσθαι
683 733 783 806 αἰτοῦ
814 737 977 825 ἒχολοῦτο.
1032 751 1069 814 Et
1100 771 1171 815 sane
1207 755 1333 819 inrisum

173 849 368 912 diersandnrm
380 846 517 912 Troianis
533 847 624 910 luisse
638 844 762 925 legimus
777 847 824 920 lll,
835 851 908 923 451,
923 852 1091 936 multosque
1106 866 1173 920 ante
1187 858 1250 922 eius
1265 879 1332 924 cum

171 953 301 1017 llcnelao
322 961 468 1016 certamen
487 951 587 1014 lovem
608 949 774 1026 invocasse,
792 961 857 1017 uter
874 975 976 1018 eorum
997 955 1061 1021 belli
1075 971 1179 1024 auctor
1197 972 1288 1036 esset,
1306 963 1332 1026 is

170 1069 202 1121 ut
221 1057 394 1121 uinceretur.
443 1054 502 1118 Sed
523 1073 578 1118 nec
596 1053 742 1117 audivisse
768 1057 839 1120 llaec
858 1057 1054 1124 Alexandrum
1074 1073 1158 1144 poeta
1179 1077 1332 1140 rrrernorat,

168 1172 211 1232 et,
232 1160 257 1225 si
278 1163 353 1224 lorte
370 1157 479 1222 audirit
503 1177 646 1240 aegreque
666 1158 743 1234 tulit,
769 1160 923 1225 llectorem
944 1173 1041 1228 tauron
1061 1167 1234 1232 mirabimur
1256 1171 1332 1235 lrauc

170 1265 243 1327 iram
270 1263 368 1327 tratris
393 1270 427 1325 ut
451 1263 598 1342 cognitam
625 1261 680 1324 sibi
702 1273 944 1348 perspectamque
963 1268 1027 1332 eius
1046 1269 1193 1334 absentiae
1213 1292 1330 1337 cauum

169 1367 268 1430 statim
289 1373 510 1431 memorantem.
560 1366 605 1428 dn
630 1365 762 1428 dicemus
789 1367 868 1431 bunc
894 1370 1027 1434 simulate
1045 1371 1138 1454 loqui.
1163 1387 1330 1455 parcentem

168 1470 279 1533 scilicet
309 1487 409 1532 coram
437 1469 542 1531 llelena
573 1467 672 1532 iratris
703 1469 824 1550 pudori,
855 1470 979 1554 ideoque
1003 1474 1077 1538 iram
1103 1476 1214 1550 dicere,
1239 1498 1330 1560 quum

168 1573 310 1654 ignasiam
330 1572 429 1652 potius
455 1571 610 1651 cogitaret,
635 1570 715 1633 illum
742 1585 838 1634 autem
866 1575 942 1638 banc
966 1576 1182 1642 simulationem
1209 1581 1333 1644 libenter

168 1671 320 1756 arripere?
364 1673 396 1736 ld
416 1691 533 1754 quoque
552 1672 704 1736 nonnullis
724 1675 839 1754 placuit
889 1677 946 1739 Sed
967 1679 1062 1743 serior
1081 1681 1155 1743 ratio
1175 1683 1247 1747 baec
1264 1703 1330 1746 esse

86 1803 88 1810 ,
168 1777 294 1850 ridetur,
313 1783 347 1839 ut
364 1775 510 1846 dicamus,
530 1774 567 1837 de
582 1775 624 1838 ira
639 1785 669 1837 et
682 1776 882 1856 indignatione
895 1778 1049 1844 Alexandri
1068 1781 1204 1847 disertius
1219 1785 1328 1848 dictum

169 1881 260 1943 luisse
274 1879 305 1942 in
321 1888 415 1940 vetere
429 1875 575 1949 camnine,
595 1876 679 1939 cuius
693 1877 766 1940 baec
779 1896 837 1942 uua
852 1899 921 1960 pars
936 1883 973 1942 de
988 1893 1121 1947 revocato
1141 1886 1170 1947 in
1187 1887 1328 1966 proelium

168 1983 331 2046 lleruudrc
346 1980 376 2043 in
392 1981 469 2043 bauo
483 1987 616 2042 nostram
630 1979 748 2042 lliadem
765 1991 881 2063 recepta
895 1984 943 2046 sit.

252 2082 411 2166 Proposita
431 2083 504 2146 baec
522 2101 540 2144 a
559 2101 607 2144 me
626 2091 697 2146 sunt
715 2102 777 2146 non
796 2103 832 2146 eo
852 2085 991 2160 oonsilio,
1011 2095 1044 2150 ut
1062 2106 1167 2152 omnes
1187 2090 1216 2152 id
1237 2111 1330 2170 genus

167 2189 264 2262 locos,
289 2187 396 2268 quibus
411 2185 590 2265 explicandis
610 2185 687 2248 illum
705 2184 872 2249 reticentiae
894 2189 1016 2266 figuram
1039 2199 1151 2253 veteres
1172 2192 1264 2255 critici
1281 2201 1332 2255 aut

168 2299 246 2354 recte
256 2299 307 2354 aut
320 2307 406 2352 secus
420 2287 626 2362 adhibuerunt,
638 2287 805 2369 singulatim
817 2307 1016 2371 persequerer,
1030 2293 1081 2354 sed
1097 2303 1129 2355 ut
1144 2295 1331 2374 proluderem

167 2391 389 2474 quodammodo
423 2389 595 2453 accuratiori
625 2391 788 2471 quaestioni
818 2391 854 2453 de
884 2393 990 2456 linibus
1023 2395 1086 2456 eius
1116 2399 1225 2476 ligures
1253 2395 1333 2478 apud

167 2495 329 2558 llomerum
345 2492 494 2574 regundis.
524 2492 596 2555 Nam
612 2493 636 2554 si
652 2493 831 2555 reticentiam
843 2494 1023 2575 appellamus
1038 2497 1335 2579 ubicunquealiquid,

167 2596 246 2679 quod
267 2595 324 2659 dici
344 2594 481 2657 debuisse
499 2594 642 2669 videatur,
663 2611 724 2656 nou
742 2603 839 2657 tamen
854 2596 964 2659 dictum
981 2596 1029 2669 sit,
1043 2599 1201 2661 verendum
1216 2608 1274 2670 est,
1292 2618 1334 2663 ne

168 2698 265 2780 paullo
285 2699 369 2780 plura
389 2697 478 2760 leuius
492 2697 606 2778 generis
626 2697 656 2759 in
671 2697 757 2760 lliade
771 2699 941 2778 praesertim
957 2699 1227 2780 deprehendantur,
1241 2719 1335 2783 quam

167 2821 241 2883 qnae
254 2800 352 2863 adhue
365 2821 381 2862 a
396 2799 503 2864 criticis
521 2799 581 2862 boe
599 2799 719 2863 nomine
738 2809 836 2862 notata
857 2809 934 2863 sunt
978 2803 1035 2864 Sed
1051 2803 1182 2866 intricata
1198 2805 1336 2886 quaestio

168 2905 225 2967 erit
245 2911 415 2984 propterea,
440 2901 519 2982 quod
539 2899 609 2982 quid
636 2899 768 2964 debuerit
792 2900 899 2984 ubique
918 2903 988 2976 dici,
1014 2905 1083 2985 quid
1106 2923 1167 2968 non
1186 2905 1336 2976 debuerit,

168 3005 285 3069 decerni
300 3005 474 3086 plemmque
489 3021 550 3066 non
566 3003 689 3084 poterit,
709 3003 766 3064 nisi
785 3003 822 3066 de
837 3005 960 3068 consilio
977 3015 1082 3086 poetae
1101 3008 1258 3088 operisque
1276 3008 1337 3069 de·

168 3107 327 3189 scriptione
338 3107 374 3169 ad
386 3107 444 3169 boc
455 3105 611 3170 consilium
623 3105 844 3168 accommodata
856 3107 1033 3170 constiterit:
1047 3108 1084 3170 do
1099 3109 1222 3172 consitio
1233 3119 1336 3170 autem

167 3219 197 3273 et
220 3207 419 3290 descriptione
444 3207 541 3271 lliadis
567 3207 791 3288 haudquaquam
818 3207 914 3271 adbuc
938 3209 1014 3271 inter
1038 3210 1116 3272 siros
1141 3208 1335 3272 doctissimos

168 3320 313 3386 constare,
339 3310 407 3393 quis
433 3307 550 3372 nouat
597 3309 751 3374 coaluisse
773 3327 837 3372 eam
855 3328 892 3372 ex
912 3310 1115 3391 compluribus
1141 3310 1332 3379 carminibus,

168 3416 226 3477 boc
236 3414 355 3496 quidem
372 3431 477 3476 omnes
493 3431 573 3476 nunc
584 3411 786 3485 consentiuot;
800 3411 852 3474 sed
865 3431 922 3493 qua
936 3412 1050 3476 ratione
1061 3413 1209 3484 coalurerit,
1224 3413 1333 3494 quidse

167 3517 231 3579 eius
251 3515 438 3597 compositor
463 3515 493 3578 iu
520 3515 620 3602 operis
645 3514 846 3596 designatione
871 3525 1013 3596 sequutus
1033 3515 1085 3588 sit,
1111 3533 1268 3596 peranagna
1287 3522 1335 3574 est

168 3617 326 3681 dissensio.
371 3615 424 3680 atii
439 3616 518 3679 euim
535 3635 624 3680 omne
637 3616 714 3680 illius
730 3617 884 3680 consilium
905 3617 936 3679 in
951 3636 988 3680 eo
1004 3616 1172 3679 substitisse
1186 3618 1333 3680 arbitran-

168 3733 230 3794 tur,
249 3732 283 3784 ut
296 3737 355 3784 una
370 3717 446 3782 actio
461 3719 601 3799 primaria
615 3717 652 3781 ab
668 3717 751 3780 initio
766 3719 802 3782 ad
817 3717 925 3780 exitum
946 3719 1069 3781 naturali
1084 3719 1212 3798 quodam
1228 3717 1334 3780 urdine

168 3822 356 3905 probabiliter
370 3820 576 3892 deduceretur,
596 3819 760 3883 subiunctis
779 3819 843 3883 aliis
861 3822 944 3900 quasi
960 3818 1141 3882 secundariis
1155 3818 1332 3887 actionibus,
1348 3834 1367 3888 a
1447 3893 1458 3912 ο

167 3945 243 4007 quae
263 3944 331 3987 cum
351 3923 398 3987 illa
417 3923 493 3986 necti
513 3923 671 3986 commode
685 3940 775 4003 posse
790 3922 970 3992 viderentur,
986 3929 1077 3999 utque
1090 3920 1284 3983 ascisceretur
1295 3935 1333 3980 es

166 4029 322 4092 lliuenrum
342 4025 506 4090 carminum
521 4023 706 4089 multitudine
725 4024 840 4106 siquid
860 4023 929 4087 huic
942 4021 1067 4084 consilio
1087 4032 1138 4084 aut
1157 4041 1210 4084 sua
1224 4028 1334 4103 sponte

168 4130 426 4196 accommodatum
452 4137 547 4205 esset,
571 4137 622 4208 aut
645 4125 862 4192 accommodari
889 4123 969 4188 laoile
995 4133 1107 4206 posset
1155 4123 1210 4186 dlii
1230 4133 1335 4187 contra

168 4253 235 4299 eum
257 4250 320 4297 nou
339 4232 398 4295 boc
411 4234 509 4296 solum
525 4241 676 4316 spectasse
690 4230 806 4302 vetunt,
826 4239 859 4293 ut
877 4225 1059 4310 probabilem
1079 4225 1228 4291 exhiberet
1240 4225 1336 4290 actio·

168 4356 242 4404 num
260 4336 368 4401 sedem
382 4345 412 4398 et
426 4335 655 4412 monuissem,
673 4335 725 4399 ssd
737 4341 770 4397 ut
788 4329 873 4414 qnasi
888 4329 1040 4411 speculum
1056 4327 1204 4409 quoddam
1220 4345 1335 4411 propo·

167 4449 252 4507 neret
270 4438 344 4510 ritas
363 4437 524 4512 humanae,
548 4438 586 4503 ad
604 4435 793 4503 ddectemos
817 4447 881 4496 non
900 4429 995 4510 magis
1018 4431 1185 4493 auditomm
1204 4432 1335 4500 munos.
