3106 4958
695 403 737 468 ult

620 491 822 506 —a-——uu

144 585 249 672 θῆρες
270 577 444 672 δρεσκῷοι,
466 590 550 653 tertia
573 583 666 672 γένος
686 587 860 672 μελισσῶν,
881 555 983 674 quarta
998 591 1125 672 donique
1142 584 1304 666 κνώδαλα,

146 707 221 770 quae
247 691 345 753 omnia
372 691 447 754 inter
466 711 499 754 ee
524 692 674 774 particulis
693 687 731 756 τέ
748 703 777 756 et
796 687 855 757 καί
879 696 1063 778 copulantur.
1107 695 1147 756 lta
1163 694 1194 756 in
1209 692 1304 755 rerltia

145 786 238 876 φύλα
260 813 296 856 τι
319 787 444 877 λ’ρπετύ
465 813 502 858 re
523 795 608 877 plane
630 795 742 858 λύκοισι
766 796 820 858 orit
842 797 995 878 utriusque
1014 796 1135 877 copulae
1157 805 1302 876 potestas:

145 913 208 958 non
224 896 303 958 onim
319 897 492 978 copulantur
505 898 583 961 inter
597 917 629 961 ae
644 898 714 961 ltarc
729 898 788 960 duo
802 898 950 972 vocabule.
965 917 1061 978 noque
1075 897 1199 960 alterum
1214 889 1252 960 τὲ
1265 897 1300 959 ιδ

143 999 277 1072 alterum,
291 1009 325 1062 ut
339 999 432 1062 morio
447 1008 501 1074 ert,
515 1002 649 1073 refertur,
663 1001 716 1064 red
731 1002 816 1082 prior
829 1001 969 1082 particula
985 999 1200 1064 arabetantirnm
1216 1017 1301 1061 auum

144 1096 232 1184 φῦλα
252 1100 443 1182 adiungitur,
458 1122 532 1184 qnae
546 1116 614 1167 ente
627 1103 704 1166 dicto
719 1113 797 1176 aunt,
811 1103 898 1167 altera
910 1113 1007 1166 autom
1024 1095 1148 1183 ἴρπιτα
1163 1119 1223 1163 non
1235 1119 1301 1164 cum

145 1197 233 1289 φύλα
252 1202 305 1266 sed
325 1223 392 1268 cum
419 1205 455 1268 iic
474 1224 548 1286 quae
568 1214 732 1287 uqnuntnr
749 1199 862 1292 φύλων
886 1206 1042 1288 speciebus
1068 1204 1223 1266 connectit
1271 1202 1301 1264 Ιδ

143 1305 256 1369 etiamsi
271 1306 382 1388 logicae
397 1308 502 1371 rationi
519 1327 580 1372 non
595 1309 776 1378 adversatur.
792 1309 879 1372 habet
889 1318 987 1372 tamen
1001 1307 1078 1372 hanel
1094 1305 1180 1370 dubie
1195 1304 1301 1385 aliquirl

144 1408 261 1472 molesti
272 1417 358 1491 atquc
372 1408 549 1482 inconcinni.
565 1411 716 1492 multoque
731 1411 847 1492 planior
861 1424 890 1475 et
909 1412 1021 1474 facilior
1034 1409 1135 1474 crarlrt
1148 1408 1258 1480 oratio,
1277 1406 1302 1469 el

143 1511 233 1574 unius
247 1512 358 1575 litterae
371 1513 532 1577 mutatione
552 1533 607 1595 pro
627 1504 664 1578 δ’
681 1505 767 1578 ὅσσα
787 1532 968 1597 reponamus
982 1506 1095 1590 τόσσα,
1111 1511 1191 1594 quod
1210 1526 1300 1591 quarm

143 1615 231 1678 etiam
251 1615 403 1678 relativum
422 1635 490 1679 esee
513 1615 681 1697 ignorarent
700 1615 822 1690 librarii,
841 1617 910 1680 illuri
933 1617 1056 1680 alterurn
1072 1619 1102 1679 in
1122 1614 1187 1676 eiua
1201 1615 1300 1676 lucram

143 1717 323 1781 invexerunt
367 1718 427 1780 lam
465 1711 589 1798 i'prreru
619 1713 708 1804 φῦλα
746 1729 822 1780 recte
858 1718 1057 1798 adiunguntur
1086 1715 1299 1798 superioribus.

146 1820 276 1902 ipsisque
291 1837 395 1882 muana
412 1819 587 1901 copulantur
601 1815 705 1904 θῆρες
719 1809 880 1902 δρεσκρῑοι
896 1831 926 1882 et
936 1839 1010 1900 qliae
1025 1829 1201 1900 sequuntur:
1215 1827 1301 1898 atque

145 1921 190 1986 aio
204 1923 323 1986 demum
340 1919 410 1985 illut
424 1939 526 1984 rorum
542 1929 598 1992 eet.
617 1921 697 2004 quod
713 1920 881 1984 Welclrerua
897 1921 997 1994 voluit,
1013 1929 1046 1983 ut
1067 1915 1156 2004 φῦλα
1179 1911 1302 2000 ἳρπιτα

145 2024 222 2087 idem
249 2023 402 2105 citatque
428 2018 519 2108 φύλα
547 2013 703 2108 δρπέτων.
747 2021 882 2086 Ceterum
909 2023 945 2086 ιλιι
971 2021 1087 2086 relatiua
1116 2019 1304 2102 pronominis

144 2119 245 2202 τόσος
266 2125 479 2206 significatione
494 2126 681 2189 llermannus
707 2125 824 2188 monuit
842 2125 877 2188 ml
899 2125 1015 2189 Pindar.
1039 2123 1123 2186 Nem.
1143 2123 1193 2194 lv.
1212 2123 1248 2198 7,
1273 2135 1302 2185 et

144 2230 224 2311 quod
255 2230 332 2292 idem
362 2229 399 2292 ιδ
425 2227 530 2310 Κμσιι.
551 2228 638 2290 llom.
669 2228 700 2291 iu
718 2227 782 2292 Cer.
811 2247 837 2290 r.
864 2228 906 2290 66
935 2227 1015 2291 lanne
1043 2245 1130 2288 usum
1155 2225 1303 2308 antiquio·

146 2331 228 2395 n'bm
262 2331 420 2402 abiudicat,
458 2330 494 2394 erl
523 2331 674 2411 epicorum
712 2328 918 2394 tantummodo
952 2346 1122 2393 sonnonem
1156 2327 1303 2410 pertinere

141 2431 264 2496 videtur.
279 2435 307 2512 ¹)

228 2535 396 2598 lllcmenem
413 2533 603 2598 Stesichorus
619 2543 767 2616 aequatur,
781 2533 865 2598 cuim
881 2537 1089 2618 fragmentum,
1108 2531 1302 2598 escholiarte

143 2635 180 2700 ad
196 2636 344 2719 Euripidis
360 2637 457 2701 Oreat.
477 2655 503 2700 r.
524 2635 586 2701 24³
607 2646 764 2709 serratum,
784 2654 846 2700 nou
861 2647 939 2702 recte
954 2637 1155 2702 ttontnomtm
1169 2636 1301 2719 uentre

142 2737 220 2802 ricae
233 2739 348 2803 ridetur
362 2738 420 2803 hoc
434 2740 539 2803 modo:

310 2834 438 2907 Olivam
464 2835 658 2924 Ίωνδύριως

207 2939 310 3028 ρι’ζων
331 2942 421 3010 πᾶσι
441 2944 557 3011 θεοῖσι
577 2942 658 3027 μιᾶς
680 2937 855 3030 Κύπριδος
875 2936 992 3010 λάθετ’
1015 2935 1224 3030 ἤπιοδιύρον·

308 3039 399 3112 κείνα
426 3041 599 3132 Τυνδάρεω

207 3143 344 3232 κούραις
363 3143 538 3232 χωσαμένα
560 3145 724 3234 διχᾶμοας
744 3145 925 3238 τριχύμοι·ς
945 3169 981 3214 re
1001 3141 1122 3234 τίθησι

308 3248 367 3317 καὶ
388 3247 619 3339 λιπισύνορας.

229 3356 302 3419 Nam
318 3354 396 3437 apud
408 3354 591 3420 Scholiarten
607 3375 667 3418 non
684 3353 772 3421 πᾶσι
783 3357 926 3438 scriptum
942 3369 995 3430 cst,
1010 3358 1061 3420 ced
1076 3349 1196 3432 ύπασι,
1209 3377 1304 3441 neque

142 3453 225 3536 μιᾶς
246 3452 422 3541 Κύπριδος
442 3447 558 3520 λάθετ’
580 3447 789 3542 η’πισδιύρον,
805 3459 857 3523 σιιλ
872 3456 955 3540 μιᾶς
968 3455 1095 3524 λα’θιτο
1110 3451 1303 3545 ἤπιοδιύροι

144 3551 328 3644 Κύπριδος,
351 3576 448 3638 neqm
469 3550 562 3621 κιύνα
589 3554 695 3635 Turul„
717 3559 768 3620 aed
792 3552 885 3623 κείνα
906 3555 945 3623 δύ
972 3559 1078 3638 Tomi„
1100 3579 1157 3625 nec
1177 3563 1303 3644 denique

140 3654 326 3741 χωσαμένα,
349 3659 402 3722 aed
424 3651 652 3738 χολωσαμένα,
674 3678 749 3741 quae
763 3661 863 3723 omnia
878 3662 1058 3725 lllellromius
1077 3663 1148 3726 natio
1164 3663 1304 3726 violenter

142 3771 172 3825 ot
185 3762 249 3826 uine
264 3761 370 3825 idonea
385 3779 472 3824 cauca
491 3760 615 3824 delenrlo
630 3770 681 3824 aut
700 3764 923 3842 transponendo
943 3764 1078 3836 mutarit,
1104 3764 1133 3826 in
1154 3763 1300 3848 plerisque
1316 3779 1333 3833 t

142 3863 356 3926 Blomlieldium
370 3871 516 3944 sequntur
532 3860 607 3925 llus.
623 3861 686 3924 crit.
701 3861 835 3926 cantabr.
857 3864 927 3927 lore.
949 3864 998 3939 Vl,
1018 3883 1109 3928 unum
1128 3860 1304 3948 χωσαμὲνα

144 3984 200 4047 μισ
214 3959 427 4048 χολωσαμένα
448 3965 485 4029 dc
500 3983 555 4028 auo
570 3961 692 4038 ιδδιοι,
707 3963 775 4046 quia
790 3965 900 4029 seilicet
913 3965 985 4028 nihil
1000 3968 1181 4048 trequentiuo
1195 3968 1303 4034 laurum

143 4066 300 4131 amborum
326 4067 556 4149 permutatione,
581 4083 676 4148 neque
688 4061 904 4149 χολωσαμένα
925 4068 1031 4143 versui,
1045 4069 1160 4151 qualem
1183 4071 1303 4153 quidem

128 4379 131 4385 Ι
214 4301 238 4378 λ)
251 4311 306 4366 Nou
319 4311 482 4366 ttutnotato
496 4319 577 4364 unce
589 4329 654 4366 nunc
665 4311 854 4381 praeferentem
866 4312 924 4365 milui
936 4311 1018 4366 videri
1036 4313 1083 4368 m.
1095 4315 1197 4386 Bergkii
1218 4333 1304 4372 rnen·

145 4399 279 4465 mutuam,
291 4391 383 4472 φύλλα
395 4413 423 4453 re
435 4394 539 4468 ἲρπιια
550 4391 578 4450 θ’
590 4391 665 4450 ὅσσα
676 4429 701 4442 -
