3078 4954
687 427 730 490 99

131 594 279 658 crudelem
295 593 422 658 fecisset.
466 595 568 675 ltaque
582 591 681 668 deuon
696 591 811 675 qualem
826 593 983 659 Christiani
998 592 1140 668 colimus,
1158 591 1298 673 heschpli

131 698 232 760 animo
247 697 434 761 obversatum
449 704 539 774 ratus,
553 695 722 760 aemesam
737 695 767 759 in
779 716 843 760 earn
857 695 986 761 incidere
997 695 1169 776 opinionem
1181 695 1298 768 debuit,

133 807 167 862 ut
184 799 253 877 ista,
271 819 346 883 quae
365 800 396 864 in
414 799 482 863 love
496 797 687 881 vituperanda
701 807 829 880 putaret,
848 817 881 862 re
896 816 964 861 sera
977 815 1039 860 nou
1053 797 1121 862 sitia
1141 797 1196 860 sed
1216 799 1299 860 lusto

133 903 303 968 Promethei
318 912 506 984 pmsooatanr
522 901 630 966 iustam
645 901 691 964 dei
707 901 780 965 imm
795 921 861 964 esse
875 909 1023 972 statueret.
1039 900 1127 982 idque
1142 909 1298 963 ostensum

133 1026 202 1071 esse
217 1005 349 1070 oredemt
359 1025 392 1067 ea
412 1003 568 1086 tragoedia,
581 1022 655 1086 quae
669 1003 758 1066 soluti
773 1002 943 1067 Promethei
963 1020 1073 1066 nomen
1093 1021 1199 1084 gerens
1219 1001 1298 1064 illam

135 1129 223 1192 quam
250 1108 392 1189 integram
423 1107 565 1170 habemus
595 1105 800 1188 sequebatur.“
849 1106 883 1170 ln
907 1105 963 1169 han
988 1106 1071 1169 nurui
1100 1105 1301 1187 disputatione

135 1211 272 1294 equidem
287 1209 360 1274 nihil
374 1210 434 1273 ueri
450 1209 550 1274 inesse
564 1210 648 1273 rideo
663 1219 780 1292 praeter
793 1210 853 1274 boo
866 1228 970 1284 unum,
990 1211 1068 1290 quod
1089 1208 1166 1273 loris
1187 1227 1300 1272 nomen

136 1315 255 1380 duobus
270 1313 368 1378 modis
383 1333 399 1376 a
414 1314 560 1378 ueteribus
576 1324 751 1396 usurpatum
767 1332 833 1377 esse
848 1312 932 1376 dicit:
948 1331 1017 1376 nam
1032 1323 1077 1377 est
1092 1314 1150 1377 hoo
1165 1331 1237 1377 sane
1249 1331 1300 1374 re·

138 1417 290 1483 rissimum
306 1418 478 1500 dudumque
499 1417 536 1482 eh
550 1417 614 1482 aliis
634 1417 836 1492 obseruatum,
855 1426 888 1480 ut
906 1415 1035 1498 ignorari
1055 1436 1072 1480 a
1092 1417 1172 1482 nudo
1192 1414 1300 1499 possit.
1329 1413 1332 1418 ’

140 1522 190 1606 qui
207 1522 298 1586 rasodo
313 1523 500 1586 trimliooriter
514 1521 554 1585 sit
567 1522 597 1585 in
614 1521 672 1584 hoo
685 1521 845 1584 litterarum
861 1537 968 1602 genere
982 1530 1125 1584 veusedus.
1169 1521 1302 1584 Fuerunt

140 1625 275 1710 pminde,
289 1625 338 1708 qui
354 1627 431 1690 duos
442 1626 527 1691 loros
543 1628 678 1700 lacerent,
693 1642 785 1688 unum
800 1623 973 1699 naturalem,
988 1634 1022 1688 nt
1036 1625 1075 1688 ait
1086 1624 1303 1700 taenarium),

140 1731 263 1793 alterum
285 1729 467 1802 fabulosum,
488 1731 518 1794 h.
533 1751 558 1792 e
580 1747 672 1792 untun
692 1728 806 1808 equalem
825 1727 995 1809 philosophi
1015 1727 1194 1809 orgitamnt,
1211 1729 1302 1792 totius
1401 1795 1411 1804 ,

142 1830 245 1894 mundi
264 1840 315 1894 aut
340 1839 501 1894 erratorem
520 1839 572 1894 aut
596 1840 674 1893 oerte
698 1839 858 1904 restorem,
883 1829 966 1892 ouius
992 1831 1205 1910 proiectissima
1224 1840 1304 1894 esset

141 1951 267 2013 uereque
281 1932 378 1997 diuina
394 1940 508 2008 natura,
523 1933 645 1996 altemm
662 1930 777 2012 qualern
788 1939 943 2012 poetarum
959 1930 1070 1995 labulae
1078 1932 1185 2014 impiae
1199 1953 1305 2014 saepe·

120 2048 123 2054 ’
143 2053 269 2099 numero
288 2043 318 2098 et
341 2035 480 2100 ridiculae
506 2043 743 2119 proposuerunt,
768 2032 924 2096 hominum
943 2033 1124 2097 simillimum
1139 2035 1306 2116 nulliusque

145 2138 291 2202 humanae
317 2136 392 2201 lehis
416 2148 576 2220 expertem.
625 2135 758 2217 hesohpli
784 2145 881 2199 autem
908 2136 1018 2218 lupiter
1048 2147 1191 2218 quantum
1218 2139 1307 2202 distet

145 2261 300 2305 esummo
321 2241 370 2304 illo
392 2239 528 2316 numine,
553 2239 633 2320 quod
652 2238 729 2302 loris
753 2237 875 2300 nomine
894 2239 1066 2321 philosophi
1080 2241 1239 2323 appellant,
1253 2260 1308 2320 epo

146 2345 210 2426 ipse
230 2341 433 2424 compluribus
453 2341 519 2406 libri
540 2341 598 2404 mei
617 2341 692 2405 loeis
712 2341 888 2419 indiciam).
932 2341 1007 2404 h'anr
1026 2363 1122 2424 neuque
1140 2343 1307 2408 absolutum

146 2467 212 2510 esse
227 2445 315 2510 docui
330 2463 425 2528 neque
445 2452 608 2509 creatorem
628 2443 745 2520 mundi,
760 2443 813 2507 sed
833 2454 1001 2524 generatum
1021 2445 1076 2509 diis
1091 2445 1308 2528 antiquioribus

144 2558 175 2611 et
189 2548 277 2612 certis
292 2548 342 2612 lati
357 2547 470 2629 legibus
485 2546 647 2612 obnoxium
662 2557 693 2610 et
706 2565 744 2611 ne
757 2547 868 2610 erroris
883 2547 1000 2630 quidem
1023 2549 1202 2624 immunem,
1224 2569 1309 2633 prae·

145 2660 297 2735 potentem
312 2650 444 2732 quidem,
463 2669 526 2714 non
540 2661 636 2714 autom
657 2649 907 2732 omnipotentem,
927 2659 956 2713 ot
971 2651 1000 2714 in
1014 2651 1184 2718 universum
1200 2652 1237 2716 ah
1251 2654 1309 2716 hu·
1354 2680 1356 2684 ·

146 2773 250 2818 manae
266 2762 388 2818 naturae
402 2753 602 2826 similitudine,
617 2753 694 2818 siout
708 2762 822 2818 ceteros
835 2753 908 2816 deos
924 2755 1091 2836 populares,
1107 2775 1168 2821 uon
1183 2774 1309 2838 magno·

148 2877 217 2940 pere
231 2856 450 2932 abhorrentem,
465 2875 561 2939 nequo
577 2857 665 2937 igitur
680 2855 753 2920 labis
769 2857 868 2921 omnis
881 2867 1048 2939 expertem,
1063 2859 1209 2941 siquidem
1223 2859 1311 2923 etiam

148 2979 233 3024 error
247 2960 278 3023 in
293 2959 358 3024 labo
372 2961 531 3042 ponendus
551 2969 596 3023 ost
615 2961 735 3042 iraeque
754 2969 841 3041 atque
855 2959 966 3024 amoris
981 2963 1118 3035 albertus,
1138 2961 1246 3043 quibus
1266 2961 1315 3025 ille
1396 2978 1397 2981 ’

149 3081 334 3146 nequaquam
365 3071 685 3126 coronamentorum
712 3081 772 3126 non
800 3062 1002 3145 insipientem,
1029 3083 1090 3128 non
1120 3063 1315 3147 impotentem

150 3167 250 3242 animi,
267 3184 328 3231 non
343 3169 515 3230 ellreuatunr
531 3165 664 3241 libidine,
684 3164 809 3248 denique
824 3184 886 3230 nou
900 3165 1077 3230 deteriorem
1097 3167 1161 3231 uiro
1187 3166 1269 3232 bono
1288 3177 1318 3231 et

150 3269 257 3353 probo,
272 3270 324 3333 sed
341 3287 445 3333 ournes
456 3269 530 3332 deos
542 3267 747 3352 hominesque,
763 3269 838 3335 sieut
848 3269 979 3354 potentia
990 3280 1019 3334 et
1030 3270 1165 3355 irnperio,
1179 3270 1219 3334 its
1229 3269 1318 3334 etiam

152 3374 296 3458 sapientia
311 3381 342 3435 et
355 3371 462 3437 uirtute
475 3372 650 3455 longissimo
660 3383 850 3457 superantem
862 3377 903 3452 ⁶).
949 3373 1049 3439 Talern
1069 3374 1319 3458 desciptionem

153 3495 245 3558 quum
261 3473 421 3560 plurimum
437 3475 538 3540 abillo
555 3495 623 3541 vero
638 3478 711 3553 deo,
730 3497 819 3560 quern
833 3477 1024 3543 hermannus
1046 3478 1076 3542 in
1089 3479 1321 3560 dgeruenrnonis

154 3589 183 3644 et
198 3577 373 3662 Suppliount
399 3578 521 3644 oentioh
546 3579 665 3662 intelligi
690 3580 763 3656 vult,
783 3579 952 3646 tumetium
972 3579 1235 3647 alandraeum
1254 3601 1321 3646 esse

154 3694 291 3767 apparot,
312 3699 400 3766 quem
420 3680 535 3747 labuhe
549 3691 690 3760 retroue,
710 3692 761 3748 aut
779 3701 884 3768 reapse
904 3693 955 3748 eut
975 3686 1074 3766 speeie
1093 3685 1197 3750 saltem
1212 3686 1351 3769 impieet

155 3823 460 3839 mo*

224 3911 250 3976 1)
269 3911 363 3964 lnstitt.
376 3909 427 3963 tte.
443 3907 465 3974 l,
479 3907 520 3971 ll,
531 3907 574 3959 bi.
603 3906 641 3960 Cl.
653 3907 799 3960 Cniwerth.
811 3914 917 3976 apaten.
930 3908 1054 3964 intolleet.
1067 3926 1089 3964 s.
1102 3909 1145 3964 tv.
1164 3911 1183 3980 f
1197 3910 1228 3964 11
1240 3919 1269 3964 et
1279 3911 1322 3964 11.

156 3995 310 4050 Valeheuer.
322 3996 398 4048 thee.
411 4012 436 4065 p.
449 3993 492 4047 bl.

226 4083 251 4146 t)
269 4079 327 4134 vu.
341 4095 365 4148 p.
379 4079 476 4133 1138.
489 4080 531 4132 lb.
544 4078 587 4131 ts.
602 4076 659 4131 109.
674 4078 732 4131 132.
746 4080 804 4132 tlt.

227 4165 253 4232 ι)
272 4164 310 4218 cr.
328 4163 358 4217 ι.
376 4163 477 4218 narres
492 4164 516 4216 n
533 4162 670 4234 oaqnq.
689 4165 751 4218 ent
767 4165 882 4218 anenno
899 4165 976 4228 eun,
993 4171 1054 4220 ne.
1070 4166 1113 4222 ιν.
1129 4133 1153 4238 ’μ
1170 4169 1237 4236 sas,
1254 4185 1327 4239 qaeu

159 4267 255 4306 namn
272 4250 417 4304 nemetim
434 4256 504 4302 tanto
521 4247 601 4314 nasis
619 4249 713 4317 laetor,
731 4259 824 4320 quante
839 4249 958 4305 malorem
970 4251 996 4305 is
1007 4267 1038 4304 eo
1050 4253 1191 4307 docuinam
1202 4255 1328 4308 otham·

161 4337 295 4409 praecipue
312 4351 410 4401 menn,
427 4349 492 4404 qaas
507 4334 539 4386 si
556 4333 733 4402 aquensis·
751 4336 934 4407 religiosasque
951 4338 1091 4408 pertimt,
1109 4340 1228 4410 peritis·
1243 4355 1329 4394 unes

160 4429 310 4491 οςιιοκιιιιι.

1073 4513 1114 4577 7.
