3078 4954
705 441 849 538 ΑΨ..

229 631 315 703 dosa,
338 639 388 692 aut
407 648 481 712 quae
498 627 556 713 ipsi
575 627 679 691 vitiosa.
698 645 765 693 csso
784 629 950 706 crederent,
974 627 1120 712 corrigere
1139 649 1195 712 pro
1219 642 1306 716 captu
1326 649 1382 696 suo

227 745 406 808 conaremur,
420 733 510 798 nimis
525 753 613 816 saepe
627 753 663 797 ex
679 733 863 798 mediocrior
882 733 1003 798 sanabili
1019 733 1136 798 vulnere
1153 736 1237 798 ulcus
1253 739 1383 800 lecerunt

225 841 307 920 longe
322 838 491 918 malignius,
513 846 652 917 tantoque
671 837 707 899 ad
729 837 891 900 curandum
906 834 1068 910 difficilius,
1088 845 1199 918 quanto
1219 838 1323 902 tectius
1339 849 1384 900 est

225 942 383 1022 laisamque
398 939 528 1004 sanitatis
543 937 671 1020 speciem
687 957 757 1021 prae
772 959 804 1004 se
820 942 884 1002 lert
927 941 1023 1020 htquo
1038 939 1092 1003 hae
1108 957 1214 1002 omnes
1229 951 1383 1020 corrupte·

225 1043 314 1106 larum
334 1062 439 1107 causae
459 1061 520 1105 non
538 1059 606 1106 raro
627 1040 657 1102 in
677 1059 738 1104 uno
758 1043 922 1124 eodemque
941 1042 1008 1105 loco
1028 1052 1255 1116 concurrerunt,
1274 1051 1382 1104 utnon

225 1163 314 1206 unum
329 1153 415 1226 atque
430 1142 553 1225 simplex
568 1141 669 1206 vitium
683 1143 817 1220 extiterit,
831 1147 884 1209 sed
899 1145 990 1209 multo
1006 1144 1082 1208 inter
1097 1164 1129 1208 se
1141 1144 1297 1207 coniuncta
1313 1143 1381 1206 alia·

224 1265 328 1328 queen
343 1247 406 1310 aliis
421 1255 502 1318 nata.
518 1263 644 1326 quornm
666 1245 723 1308 nisi
742 1255 830 1328 caput
852 1257 880 1310 ct
900 1247 1011 1311 iontem
1027 1247 1188 1322 detexeris,
1208 1245 1382 1309 medicinam

227 1349 329 1411 lrustra
344 1359 447 1411 tentes.
461 1381 503 1394 -
518 1346 597 1410 llaec
616 1347 704 1428 igitur
723 1349 956 1430 corruptelarum
978 1369 1084 1432 genera
1104 1349 1133 1411 in
1149 1348 1281 1430 heschpli
1301 1346 1381 1411 codi·
1445 1376 1447 1382 ι

226 1451 305 1515 cilius
325 1451 439 1526 omnia,
458 1459 487 1512 et
506 1449 681 1514 creberrime
700 1451 831 1532 quidem,
853 1451 1033 1534 deprehendi
1052 1451 1137 1533 periti
1157 1469 1219 1515 nou
1239 1449 1383 1532 ignorant,

226 1553 348 1636 imperiti
369 1553 492 1617 docendi
513 1564 591 1617 sunt
635 1553 672 1616 Et
690 1561 832 1636 poterunt
851 1553 949 1618 doceri
970 1573 986 1616 ι
1005 1553 1193 1635 superiorum
1214 1553 1382 1616 criticorum

227 1657 455 1734 commentariis,
474 1677 510 1720 eo
530 1655 668 1732 maxime,
687 1676 775 1739 quem
791 1677 808 1720 e
822 1657 982 1721 Godolredi
997 1655 1159 1720 llermanni
1180 1655 1298 1720 schedis
1317 1665 1384 1718 ante

226 1760 373 1825 biennium
392 1761 430 1826 ll.
450 1761 595 1844 llauptius
615 1760 721 1835 edidit,
747 1761 778 1824 in
802 1779 862 1842 quo
881 1769 911 1825 et
930 1759 1065 1824 codicum
1090 1759 1253 1844 scripturas
1278 1777 1383 1824 omnes

226 1875 356 1930 accurate
375 1864 576 1946 consignatas,
596 1875 625 1928 et
645 1883 749 1945 genera
773 1863 912 1926 vitiorum
933 1864 1105 1945 plerumque
1130 1863 1270 1938 indicato,
1293 1863 1382 1926 multa

225 1967 307 2031 etiam
330 1967 445 2050 egregie
470 1965 622 2028 emendata
645 1964 792 2028 videbunt
835 1966 878 2028 hc
904 1965 972 2028 licet
998 1984 1035 2028 ne
1057 1965 1244 2029 llersnannus
1266 1965 1382 2048 quidem

179 2071 180 2075 ’
225 2069 320 2134 omnia
342 2078 393 2134 aut
412 2067 649 2133 animaduerterit
675 2077 725 2132 aut
747 2077 826 2131 recte
849 2069 1026 2145 cruciaverit,
1051 2068 1142 2132 nihilo
1165 2067 1264 2132 minus
1286 2079 1383 2131 tanuen

224 2172 308 2256 longo
327 2191 431 2237 omnes
450 2192 607 2255 superasse
625 2171 767 2236 dicendus
789 2179 847 2247 est,
872 2171 922 2254 qui
943 2181 1044 2235 nostra
1063 2169 1208 2234 memoria
1227 2172 1333 2253 partim
1353 2170 1383 2233 in

223 2274 368 2340 Britannia
384 2276 489 2360 partim
509 2277 539 2339 in
554 2275 710 2339 Germania
724 2273 866 2356 Aeschylo
886 2273 1070 2340 emendando
1092 2293 1213 2356 operam
1229 2275 1383 2339 dederrmt.

192 2384 209 2435 ι
225 2379 282 2444 Sed
296 2379 383 2444 nobie
398 2399 478 2444 nunc
492 2379 522 2442 in
532 2378 699 2462 Aeschyleis
714 2378 788 2442 locis
804 2377 961 2442 tractandis
977 2379 1057 2443 lmnc
1071 2378 1206 2443 ordinem
1221 2377 1305 2460 sequi
1321 2377 1384 2459 pla-

225 2493 276 2559 cet,
292 2493 323 2548 ut
345 2503 362 2548 a
384 2483 576 2558 leciliorihus‚
597 2501 725 2566 quorum
748 2481 872 2564 simplex
887 2481 1051 2564 corruptela
1067 2491 1203 2564 certaque
1216 2479 1383 2546 emendatio

223 2597 276 2663 est,
289 2589 327 2652 ad
343 2586 504 2651 dilllciliora
519 2585 696 2667 graviusque
710 2593 849 2666 corrupta
865 2584 1096 2666 progrediamur.

306 2688 534 2771 Promptissima
553 2686 720 2750 emendatio
740 2695 787 2750 ost
803 2703 880 2748 uers.
900 2685 991 2750 120³.
1006 2687 1052 2750 ed.
1068 2687 1183 2762 llerm.,
1198 2685 1250 2750 uhi
1265 2685 1384 2758 chorus,

222 2800 378 2874 postquam
393 2789 588 2855 Cassandram
600 2789 709 2853 audiuit
723 2789 759 2852 do
774 2806 865 2850 cocus
880 2787 1025 2870 Thyestae
1039 2787 1198 2869 liberisque
1212 2787 1248 2851 ad
1260 2803 1384 2850 rescen-

222 2895 293 2956 dum
307 2893 382 2976 patn'
397 2891 561 2975 propositis
576 2911 644 2956 uera
659 2890 886 2974 praedicantem,
900 2890 972 2954 haec
985 2889 1038 2953 ait:
1441 2881 1444 2886 ’

422 3043 482 3132 τὴν
502 3041 564 3129 μὲν
588 3041 735 3112 Θυέστου
758 3041 858 3109 δαῖτα
879 3035 1047 3109 παιδείων
1068 3041 1171 3126 κριῶν

423 3143 546 3234 ξυνῆκα
566 3143 624 3212 καὶ
647 3143 809 3235 πέφρικα,
831 3143 890 3211 καὶ
911 3141 1022 3234 φόβος
1041 3138 1079 3227 μ’
1101 3136 1170 3224 ἔχει

423 3241 552 3316 κλύοντ’
574 3241 712 3338 ἀληθῶς
733 3243 829 3316 οὐδὲν
850 3243 1066 3336 ἐξῃκασμένα,

225 3407 300 3482 Quid
320 3415 418 3472 autem
437 3406 600 3490 significare
615 3406 747 3472 dicemus
766 3407 838 3470 haec
851 3397 946 3470 οὐδὲν
967 3395 1195 3490 ἐξῃκασμέναῗ
1239 3399 1383 3464 Stanleius·

225 3511 352 3592 quidem,
374 3530 464 3594 quum
488 3511 571 3576 uertit
592 3529 661 3574 non
683 3531 722 3574 ex
745 3509 952 3574 coniectura
973 3507 1127 3591 prolata,
1151 3495 1247 3569 οὐδὲν
1268 3521 1322 3584 pro
1346 3491 1385 3564 od

224 3613 331 3678 dictum
351 3633 417 3678 esse
437 3613 552 3690 statuit,
572 3612 660 3678 uerho
675 3605 858 3691 ἐξεικᾶζειν
871 3620 969 3675 autem
987 3629 1051 3674 eam
1071 3605 1315 3689 significationem
1331 3603 1384 3666 tri·
1437 3611 1439 3616 '

224 3717 298 3793 huit,
320 3734 375 3800 qua
390 3717 516 3800 simplex
530 3717 647 3799 quidem
662 3709 809 3794 εἰκάζειν
823 3713 943 3789 dicitur,
962 3723 996 3776 ut
1009 3711 1049 3777 sit
1064 3709 1309 3775 coniecturam
1326 3727 1384 3770 ca·

224 3837 305 3900 pere
319 3839 359 3883 es
379 3820 476 3884 notis
495 3818 708 3902 quibusdam
728 3826 835 3899 atque
849 3814 1012 3890 indiciis,
1033 3830 1184 3893 nunquam
1200 3819 1299 3873 autem
1315 3805 1383 3871 illud

224 3922 429 4005 compositum.
472 3921 547 3986 Nem
566 3913 748 4000 ἔξεικᾰζειν
761 3935 879 4000 sempor
894 3926 940 3980 est
955 3915 974 3979 i.
991 3928 1019 3997 q.
1035 3907 1224 3993 ἐξομοιοῦν,
1239 3907 1383 3972 assimi-

223 4021 305 4098 lare.
323 4023 441 4087 simile
459 4025 591 4097 lacero,
605 4014 828 4108 ἐξῃκασμένος
841 4019 860 4082 i.
876 4037 904 4099 q.
925 4008 1056 4097 ὁμοῖος,
1078 4013 1328 4097 quemadmodum
1347 4012 1383 4075 ah

225 4125 364 4208 smmpto
380 4127 461 4208 Sept.
480 4136 534 4190 ιιι.
549 4124 643 4188 Theb.
659 4143 685 4186 v.
702 4121 765 4186 426
785 4120 896 4184 lulmen
917 4116 995 4181 loris
1014 4115 1121 4181 dicitur
1145 4105 1240 4181 οὐδὲν
1265 4106 1384 4198 eipsco-

225 4218 340 4304 σμένον
349 4211 1384 4314 psoppdpsvoiordoiirrsomoievilieu:haudquaquamsimile

227 4325 433 4391 meridianis
453 4328 550 4393 Solis
569 4325 763 4395 caloribus.
782 4357 826 4372 -
846 4319 1001 4386 scunuim
1018 4329 1132 4397 autem,
1151 4320 1202 4404 qui
1220 4318 1319 4382 locum
1339 4313 1384 4378 sic

226 4427 379 4494 conuertit:
404 4439 519 4497 metus
547 4449 601 4495 ms
622 4435 786 4512 occupat,
811 4442 894 4490 rere
915 4432 950 4489 ts
981 4423 1114 4501 dicore,
1139 4419 1231 4487 houd
1258 4415 1382 4484 conis·
