3106 4958
717 393 802 493 ‘so

205 592 378 660 huiusmodi
397 588 620 675 explicationem
643 595 694 651 aot
715 587 934 652 ererrsatiooem
952 585 1086 670 requiro,
1101 587 1261 674 lacumque
1280 589 1369 667 illum,

209 699 272 763 licet
292 717 387 779 neque
410 696 447 759 alr
466 692 596 758 Hesiodo
617 710 713 776 neque
735 693 772 757 alr
798 694 897 777 aliquo
912 693 1025 756 lloeoto
1047 693 1170 769 lactum,
1191 712 1253 759 nen
1276 694 1369 778 magis

209 812 302 866 taouo
317 811 487 885 propterea,
502 818 589 882 quam
604 798 688 862 aliaor
704 797 838 882 quonois
853 807 903 862 out
917 796 1115 862 narrationem
1131 809 1181 862 out
1195 797 1370 882 descriptio·

207 925 281 982 nem,
296 924 333 969 ex
358 907 417 968 lroc
443 923 531 986 opere
557 903 702 966 tessellato
729 903 939 966 remorandum
966 923 1032 966 esso
1057 903 1190 967 dixerim.
1235 905 1370 966 Ceterum

206 1009 352 1072 reterilrus
368 1007 476 1070 criticis
492 1017 558 1070 ante
574 1008 778 1082 Plutarchum,
793 1015 936 1086 quantum
953 1006 1070 1088 quidem
1086 1027 1103 1070 e
1117 1005 1238 1071 scholiis
1254 1005 1372 1088 intelligi

206 1123 313 1195 potest,
335 1129 430 1194 neque
450 1111 612 1174 l.eoaeenis
633 1129 743 1174 nomen
760 1128 856 1190 neque
874 1109 952 1172 aliud
980 1110 1140 1193 quidquam
1162 1111 1192 1173 io
1211 1109 1266 1172 liae
1290 1119 1373 1192 parte

206 1215 343 1280 carminis
356 1215 568 1279 dubitationem
581 1215 715 1277 iniecisse
727 1213 853 1288 ridetora
869 1213 897 1276 in
911 1233 971 1277 uno
984 1220 1097 1277 tantum
1110 1215 1198 1277 rcrlao
1209 1207 1372 1295 μυλιόων-

207 1340 269 1396 τες.
284 1339 310 1382 r.
328 1319 402 1393 530,
419 1319 518 1382 Crates
531 1319 663 1382 haesisse
672 1318 778 1381 dicitur
792 1327 821 1380 et
835 1310 1062 1398 lacrimationes
1076 1318 1279 1400 rescripsisse:
1294 1337 1311 1380 a
1326 1335 1373 1380 rc-

208 1423 387 1488 ccntiorilms
398 1433 494 1491 autern
507 1421 715 1505 granrnratiois,
728 1419 890 1494 Eustatlrio,
903 1419 1079 1504 Etpmologo
1091 1422 1140 1495 ll,
1152 1421 1252 1496 Suidm
1261 1420 1375 1483 Zonara

208 1527 329 1612 allisque
348 1527 501 1610 roroplura
526 1547 562 1590 ex
577 1528 632 1591 lrac
647 1535 729 1609 parte
749 1523 884 1596 citantur,
900 1523 965 1586 sine
979 1525 1037 1588 ulla
1052 1524 1173 1588 alicuius
1195 1523 1375 1606 suspicionis
1457 1531 1459 1534 ’

208 1631 429 1716 siguilicutione.

292 1735 498 1800 Narrationem
514 1734 551 1799 de
567 1735 712 1809 densiora,
728 1754 754 1796 r.
771 1734 929 1812 tet-105,
944 1733 1123 1797 nocentiores
1138 1730 1230 1797 critici
1246 1731 1377 1814 plerique

209 1843 394 1912 daomarunt,
410 1859 505 1923 oeque
519 1859 590 1902 sacre
605 1837 789 1903 dillitoodum
800 1847 847 1902 est
861 1857 923 1902 non
934 1859 995 1902 uno
1008 1837 1129 1902 norrrioc
1143 1857 1208 1902 eaor
1224 1856 1290 1900 esse
1301 1834 1377 1899 rito·

211 1945 378 2028 parandam.
409 1944 469 2006 Sed
481 1951 611 2006 retr-rom
629 1954 725 2005 tauron
741 1943 910 2006 criticorum
923 1943 1089 2006 notationes
1102 1941 1197 2008 oollae
1209 1958 1377 2004 memoran-

213 2057 267 2122 tur,
281 2057 396 2129 praeter
411 2048 463 2108 lras
480 2057 550 2110 tres.
577 2048 709 2110 Primum
725 2049 761 2108 ad
777 2065 803 2108 r.
821 2045 872 2114 79,
888 2037 922 2108 ἐν
936 2036 967 2109 d’
985 2035 1051 2125 ἄρα
1065 2040 1177 2131 qrorq'r
1192 2041 1278 2128 θῆκε
1290 2038 1379 2107 θεῶν

213 2144 321 2236 κήρνξ.
364 2145 470 2214 'l'oiari
490 2171 577 2227 τινες
600 2145 756 2232 περιττόν
777 2167 897 2235 φασιν·
919 2137 983 2235 r’qu
1000 2143 1061 2232 γὰρ
1078 2137 1306 2232 ὁἭφατστος
1321 2139 1377 2209 de'·

218 2249 319 2318 droaer
340 2245 443 2340 edelric
466 2255 504 2340 τῇ
528 2247 671 2336 γινανκιέ
703 2273 808 2335 oerrrpo
831 2271 918 2316 rersu
943 2253 999 2325 (il,
1024 2250 1072 2314 orn
1100 2251 1246 2314 torcanuo
1273 2271 1290 2314 a
1313 2251 1380 2313 lore

219 2357 328 2420 mulieri
345 2349 529 2440 ἀνθρώπου
552 2348 656 2442 midde
677 2357 778 2420 irrelere
793 2357 917 2420 iolretur.
948 2357 1163 2437 l’ropommtur
1178 2351 1283 2418 cleindo
1306 2354 1381 2416 (lirae

215 2460 417 2532 defensiones,
433 2461 520 2523 altero
535 2461 621 2522 lraec:
641 2452 671 2524 ei
694 2455 731 2523 δὲ
753 2455 930 2522 καὶτοῦτο
953 2453 1087 2542 γνήσιον
1108 2450 1160 2542 ai'q
1182 2453 1243 2519 τοῦ
1260 2447 1381 2519 Ἡσιό-

216 2560 285 2637 δον,
308 2553 573 2648 τὸνἫμοιστον
593 2557 633 2625 ari
656 2553 795 2645 ὄργανον
816 2556 952 2644 ἐροῦμεν
978 2553 1168 2643 ὑποστῆσαι
1190 2553 1229 2620 rri
1251 2547 1380 2641 ι’ἰλογον,

215 2655 263 2728 da'
285 2651 324 2727 οἷ·
346 2657 485 2727 δύναται
506 2655 789 2750 συμφθέγγεσθαι
811 2661 860 2748 rqi
882 2657 982 2747 λόγῳ,
1005 2657 1063 2725 τὸν
1085 2657 1123 2726 dd
1140 2651 1261 2747 Ἑρμῆν
1282 2653 1382 2744 αι’τήν

215 2762 328 2830 δοῦναι
354 2761 415 2852 τὴν
441 2761 582 2848 δύναμιν
602 2762 661 2853 τήν
681 2763 850 2851 λογοειόῆτ
877 2766 981 2842 altera,
1005 2765 1078 2827 alius
1103 2764 1244 2826 arietaria:
1266 2755 1383 2847 ῥητέον

217 2855 273 2932 oda
294 2861 341 2946 ὥς
361 2865 402 2933 τὸ
421 2864 481 2950 μὲν
502 2861 699 2933 ἐνδιάθετον
720 2861 850 2943 ἐκεῖνος,
874 2862 914 2929 τὸ
935 2862 973 2928 δὲ
995 2860 1205 2949 rrporpopordr
1226 2855 1245 2926 d
1263 2858 1383 2948 Ἑρμῆς

216 2965 397 3058 ἐντίθησιν.
431 2973 487 3034 Sed
503 2982 638 3035 neutram
654 2971 772 3052 probari
785 2989 876 3052 posse
891 2976 1024 3052 apparet,
1035 2967 1180 3048 siquidem
1194 2957 1279 3052 oddq'
1291 2985 1384 3049 nequo

218 3069 258 3136 τὸ
280 3067 479 3138 ἐνδιάθετον
501 3073 666 3154 significare
686 3083 793 3154 potest,
813 3073 842 3134 la.
859 3092 884 3134 e.
912 3073 1055 3134 rationem
1083 3070 1257 3152 tacitamque
1277 3071 1384 3134 mentis

170 3205 200 3257 Η
221 3177 443 3257 cogitationem,
462 3195 639 3258 sequerere
660 3175 890 3238 instrumentum
911 3174 990 3238 rocio
1010 3175 1046 3237 alr
1062 3173 1125 3256 ipsa
1141 3193 1212 3236 rore
1227 3173 1384 3248 diversum,

221 3280 272 3342 secl
289 3289 336 3342 est
356 3271 441 3365 oridq'
462 3279 533 3343 nilril
548 3279 623 3342 aliud
640 3279 696 3342 oisi
712 3298 767 3341 rex
783 3277 890 3341 meotis
906 3277 1096 3360 cogitationes
1111 3294 1306 3360 expromens,
1324 3276 1385 3340 sire

221 3376 318 3463 λόγος
339 3378 617 3469 προφοροκόςῖἳ).
666 3381 817 3444 loooerito
847 3380 936 3462 igitur
963 3380 1130 3461 Lonrropius
1163 3381 1240 3444 lranc
1267 3379 1385 3443 alterius

220 3485 393 3552 scholiastae
414 3485 682 3566 interpretationem
695 3483 857 3566 adoptarit3
871 3501 967 3566 neque
982 3483 1175 3565 Goettliogius
1190 3502 1290 3547 rerum
1306 3483 1385 3559 dicit,

220 3606 310 3669 quum
333 3577 435 3671 αὐδήν
457 3587 574 3668 quidem
604 3605 723 3648 rocem
750 3587 955 3660 lruoranam,
980 3581 1093 3672 φωνήν
1118 3597 1215 3650 autem
1242 3586 1386 3650 suadem

219 3709 285 3752 esse
305 3689 373 3751 rult
418 3689 537 3752 llectius
559 3688 722 3752 imlicarunt
738 3688 882 3763 lindius,
902 3687 1101 3763 tedbaudus,
1117 3689 1263 3771 flemma,
1285 3689 1330 3752 illa
1350 3690 1386 3752 dc

222 3791 367 3854 llereurio
382 3785 495 3877 proedo
516 3791 629 3854 mulieri
646 3790 831 3872 impertiente
847 3788 884 3852 al)
896 3789 1105 3870 interpolatore
1119 3811 1186 3853 esse
1201 3791 1327 3868 rati²³).
1344 3825 1387 3837 -

222 3893 252 3955 lo
267 3891 369 3955 eadem
382 3893 437 3955 lrao
451 3892 617 3956 narratione
628 3911 690 3957 non
706 3891 810 3956 iniuria
822 3891 906 3954 multi
918 3891 1015 3954 mirati
1027 3901 1107 3964 sont,
1124 3893 1194 3974 quid
1206 3901 1295 3967 esset,
1307 3891 1387 3974 qood

221 3991 251 4054 in
276 3993 355 4056 delio
378 3994 544 4069 laudatae,
568 4002 763 4078 posteaquam
789 3995 863 4056 mala
891 3991 989 4055 eurania
1015 3993 1196 4070 evolassent,
1222 3995 1298 4075 Sper
1325 3993 1389 4056 sola

288 4159 330 4224 22)
349 4160 387 4213 Cl.
402 4177 466 4230 qaae
482 4117 514 4214 da
531 4163 714 4228 significatione
731 4160 848 4214 vocabuli
868 4161 997 4214 aulrtditer
1012 4178 1028 4214 a
1045 4161 1175 4217 llitasrble
1193 4163 1261 4216 clieta
1278 4167 1338 4214 ruat
1355 4160 1387 4213 acl

225 4245 317 4313 odyss.
331 4253 390 4297 tan.
402 4244 443 4299 111.
455 4261 478 4314 p.
494 4247 517 4298 l.

291 4329 334 4392 2³)
352 4329 409 4384 t'ist
427 4329 516 4382 llaalrii
533 4332 634 4388 dissert.
654 4333 862 4388 llsalerlircbe
879 4331 1018 4386 Studien.
1047 4291 1186 4398 Ι(ἶσοιθος.
1207 4331 1281 4384 1810.
1299 4347 1323 4399 p.
1346 4329 1386 4384 lll.

227 4413 355 4469 Vollbehr.
367 4431 392 4484 p.
405 4413 448 4467 ³2.
459 4430 497 4484 aq.
521 4415 613 4486 llcper.
626 4435 650 4486 p.
662 4419 705 4472 2².
