3106 4958
747 365 789 430 40

192 559 290 622 renht
317 557 419 619 l'oteot
429 563 525 618 autem
540 553 612 628 reri,
624 563 664 630 ut,
680 575 754 638 qrrae
768 556 812 618 sie
826 573 880 638 per
893 553 1024 637 episodia
1037 555 1159 618 carmini
1174 555 1352 632 inseruntur,

193 663 253 744 ipsa
268 661 353 723 etiarn
367 656 513 722 eiusmodi
530 658 597 734 sint,
613 677 689 739 quae
704 659 808 724 idonea
823 658 980 743 tragoediis
994 669 1164 739 argumenta
1181 661 1351 740 praebeant:
1380 639 1390 658 ⁰

194 766 266 827 reiut
280 783 354 844 quae
368 763 399 824 ll.
417 762 453 824 l'l
469 764 505 825 de
519 762 752 844 Bellerophonte,
765 763 795 826 ΙΙ.
812 763 851 826 lx
865 764 901 826 de
916 763 1068 842 Meleagro,
1082 761 1137 823 Od.
1155 761 1189 823 tv
1209 763 1245 825 rle
1261 763 1352 827 Ulixis

194 866 388 948 speculatione
403 885 456 946 per
472 865 658 928 occasionem
675 887 699 928 s.
715 866 864 948 episodire
876 876 1041 929 narrantur.
1061 865 1170 928 l'erum
1181 864 1353 928 Aristoteles

194 988 229 1031 ue
245 969 374 1031 llhesum
390 967 521 1051 quietem,
536 969 561 1030 si
578 971 653 1031 lianc
673 969 798 1031 tabulam
814 968 890 1048 legit,
906 978 956 1030 aut
971 967 1144 1031 Nausicaam
1164 977 1194 1030 et
1207 968 1353 1031 Phaeaces

192 1091 225 1132 ιι
247 1071 310 1152 ipsa
338 1071 423 1134 iliade
449 1071 569 1153 ipsaque
589 1071 732 1152 Odyssea,
757 1071 809 1132 sed
835 1090 871 1132 ex
896 1070 1038 1152 episorliis
1065 1079 1177 1133 tantum
1204 1070 1300 1134 iliadis
1326 1080 1356 1134 et

192 1174 338 1254 Odysseae
354 1176 445 1236 taletas
460 1194 526 1236 ease
541 1173 661 1248 diurret,
680 1172 901 1256 (praeponaris
917 1182 984 1254 apta
1000 1172 1063 1236 setis
1078 1173 1165 1248 iocis,
1180 1191 1242 1236 non
1257 1182 1354 1237 tamen

196 1277 268 1340 adeo
289 1277 452 1339 necessaria
473 1285 555 1350 suut,
575 1287 608 1339 ut
627 1277 657 1339 in
683 1276 775 1358 ipsius
797 1295 930 1339 sunrmae
951 1275 1062 1339 lebuine.
1078 1276 1226 1357 partibus,
1247 1276 1355 1357 quibus

194 1379 319 1461 demptis
346 1389 395 1442 aut
421 1380 608 1461 transpositis
637 1380 714 1442 lianc
739 1399 855 1461 quoque
879 1379 993 1442 alterari
1019 1389 1048 1442 et
1073 1378 1184 1442 turbari
1211 1388 1355 1462 oporteat,

195 1481 339 1548 numerari
365 1481 491 1563 possint
546 1483 634 1544 Aliter
659 1503 692 1544 se
717 1501 764 1544 res
791 1482 890 1546 hahuit
915 1481 945 1544 in
972 1480 1027 1544 illis
1054 1480 1225 1561 tragoediis,
1251 1501 1356 1562 epuase

196 1587 306 1670 Cypriis
327 1585 483 1659 nmltno,e
507 1603 592 1666 parra
613 1584 698 1648 iliade
722 1585 788 1666 plus
814 1597 881 1649 octo
910 1587 999 1648 lactas
1025 1583 1195 1647 Aristoteles
1222 1603 1356 1646 comum·

198 1700 302 1755 nrorat:
325 1691 431 1752 harum
451 1687 529 1750 enim
550 1699 720 1769 argumenta
741 1709 867 1756 necesse
886 1699 1007 1752 estnon
1027 1707 1062 1750 ex
1080 1687 1220 1769 episodiis
1240 1687 1357 1750 iliorum

198 1793 358 1858 caucinum
375 1790 428 1852 sed
442 1811 477 1853 ιι
493 1792 556 1870 ipsa
572 1811 674 1854 eorum
691 1813 808 1858 summa
823 1804 851 1857 ot
866 1792 1002 1876 primaria
1021 1792 1136 1855 notione
1156 1791 1243 1871 petita
1259 1789 1358 1864 luisse,

199 1897 225 1959 id
244 1895 323 1977 quod
344 1913 405 1956 aron
425 1893 515 1956 modo
536 1893 700 1957 Aristotelis
728 1897 898 1960 testimonie
924 1907 1003 1958 reete
1028 1894 1173 1957 intellecto
1199 1893 1357 1966 eredimus,

201 2000 250 2061 sed
265 2017 299 2060 ex
317 1997 351 2058 iis
366 2015 484 2078 rptttttpttr
499 1997 684 2078 crrrrrpralrari
702 2001 848 2071 rirlernus,
868 2019 941 2082 «puae
961 1999 1076 2061 aliunde
1089 2015 1181 2080 quum
1197 1995 1233 2058 ele
1254 2015 1358 2077 parrae

199 2099 303 2175 iliadis,
319 2109 380 2164 ιιιιιι
397 2099 434 2162 tle
447 2099 670 2181 tragoediarum,
686 2121 758 2182 quas
774 2101 819 2164 ille
830 2100 899 2166 irinc
911 2106 999 2165 laetas
1011 2111 1165 2174 nientornt,
1177 2097 1358 2180 argrrruontia
1417 2145 1419 2151 .

200 2213 349 2286 comperta
365 2203 515 2266 hahemus.
548 2196 768 2268 medentur
788 2198 897 2290 κρίσις
910 2205 1080 2267 retrahatur
1099 2205 1130 2267 in
1145 2203 1303 2267 certamine
1322 2203 1360 2265 de

201 2307 316 2371 hchillis
337 2307 445 2369 mortui
465 2307 555 2368 antris
576 2305 651 2369 inter
669 2307 784 2370 Aiacem
806 2318 835 2370 et
853 2308 981 2383 Ulixem,
1009 2309 1087 2370 unde
1108 2307 1240 2370 heschen
1264 2305 1360 2369 iliadis

201 2431 268 2474 snae
282 2409 436 2474 exordium
452 2410 570 2476 duxisse
583 2411 734 2474 Procliaua
750 2411 878 2493 epitome
889 2412 984 2475 duoet.
1011 2411 1191 2490 Tragoediae
1202 2429 1360 2490 argarnten·

201 2527 260 2578 turn
278 2516 347 2578 ltine
365 2515 402 2577 alr
421 2515 563 2596 ,teselrplo
582 2515 706 2597 petitrmr
726 2525 784 2586 cst,
811 2515 895 2579 euius
912 2507 1051 2578 ‘'Oa'lrur
1073 2505 1183 2599 κρίσις
1208 2514 1361 2595 aliquoties

200 2619 340 2682 laudatur.
385 2618 563 2682 Philoctetae
583 2620 708 2682 tabulam
729 2639 746 2681 a
766 2619 967 2701 enrupiurihus
990 2619 1106 2699 tragicis
1127 2627 1276 2680 tractatam
1296 2637 1362 2680 esse

202 2741 287 2786 nertm
303 2724 411 2786 nescit:
428 2723 457 2785 iu
477 2743 565 2804 parra
580 2723 667 2785 iliade
687 2742 751 2784 earu
767 2731 912 2786 enarratam
930 2724 1020 2786 tuisse
1035 2723 1103 2784 item
1119 2721 1244 2783 Prorluo
1263 2721 1362 2783 refert.

201 2827 234 2888 ln
259 2825 362 2887 eaedem
390 2825 557 2905 expositum
584 2825 637 2886 tuit
664 2825 699 2886 de
721 2825 916 2906 Neoptolemo
936 2823 1054 2887 helrillis
1081 2823 1154 2896 lilio,
1180 2829 1213 2883 ut
1231 2821 1268 2884 alr
1283 2821 1365 2884 Ulixe

203 2929 239 2988 de
259 2929 351 3004 Scyro
375 2925 467 2988 insula
487 2925 523 2987 ad
542 2926 661 2988 Troiam
684 2925 826 2988 deductus
846 2945 926 2988 arana
952 2935 1071 3008 patema
1092 2923 1250 3005 acceperit,
1275 2932 1365 3004 utque

203 3027 328 3090 Achilles
353 3027 379 3089 ei
399 3027 429 3088 irt
455 3027 570 3088 suntnis
600 3028 782 3109 apparuerit3
808 3028 985 3110 tragoediam
1016 3036 1113 3091 autem
1138 3026 1364 3107 Neoptolemum

205 3149 291 3195 unam
307 3139 384 3194 certe
402 3129 493 3192 titisse
508 3129 657 3204 norimus,
672 3129 857 3202 Nicomachi,
878 3132 928 3213 qui
949 3129 1096 3212 Euripidis
1115 3129 1242 3210 aequalis
1263 3129 1365 3206 tutte),

163 3253 190 3304 to
207 3235 368 3318 Errrppplua
388 3231 508 3314 Telephi
528 3233 605 3296 filius
626 3233 656 3296 in
675 3252 764 3316 prarra
779 3233 865 3297 llimle
879 3233 1016 3298 Troianis
1035 3233 1141 3298 auxilio
1156 3233 1243 3310 venit,
1257 3253 1365 3316 quum

205 3359 260 3422 que
275 3338 366 3401 urrrlta
383 3335 496 3401 fortiter
513 3337 643 3413 lecisset,
665 3338 811 3400 terrulenta
823 3337 1016 3420 Neoptolemo
1029 3337 1196 3402 interlectos
1211 3347 1265 3402 est.
1291 3337 1366 3401 Tra-

206 3443 338 3524 goediam
354 3443 412 3505 lroe
425 3451 598 3522 argurueuto
613 3441 662 3524 qui
679 3441 838 3525 scripserit,
854 3440 1015 3506 uesrimus:
1032 3441 1123 3506 luisse
1137 3441 1261 3525 aliquam
1277 3461 1366 3506 nerrro

206 3545 354 3622 «limitabit,
368 3545 425 3610 nisi
441 3546 487 3610 cui
502 3545 588 3609 libeat
602 3566 669 3610 cum
684 3545 743 3622 ille,
759 3564 847 3629 quem
863 3555 930 3610 ante
941 3547 1099 3628 denigrari,
1113 3547 1176 3611 riro
1192 3547 1366 3614 doctissimo

187 3651 337 3734 ineptire.
382 3650 461 3713 ldem
481 3651 518 3712 de
536 3643 693 3738 llctepeip
715 3651 872 3714 eliminium
892 3661 946 3715 est.
990 3651 1064 3714 Nam
1085 3653 1164 3736 quod
1186 3651 1368 3734 ignoramus,

206 3755 271 3838 «puis
295 3755 353 3819 hoc
378 3753 460 3818 titulo
485 3756 665 3838 taagmdiam
688 3755 801 3830 lecerit,
828 3755 893 3838 quis
917 3758 1033 3820 taudem
1061 3755 1215 3820 mirabitur
1235 3755 1266 3819 in
1289 3766 1369 3823 tenu

207 3860 310 3924 harum
329 3859 488 3923 litterarum
509 3858 640 3925 iactura?
666 3861 704 3924 (le
723 3871 898 3942 argumento
918 3872 1015 3925 autem
1036 3880 1083 3924 res
1103 3859 1187 3943 plana
1206 3861 1239 3924 tit
1253 3880 1288 3924 ex
1303 3860 1368 3944 epi·
1442 3859 1454 3879 ”

209 3974 286 4025 tome
301 3981 406 4045 parrae
421 3963 530 4028 lliadis:
551 3965 677 4042 Ulixem,
696 3964 823 4027 arcadici
837 3963 952 4040 habitu,
971 3963 1007 4026 ad
1023 3963 1232 4047 spreeulandum
1249 3963 1369 4030 Troiam

209 4065 343 4139 intracoe,
356 4067 544 4150 agnitumque
559 4067 595 4132 ab
611 4069 735 4143 lleleua,
754 4068 806 4130 sed
822 4067 956 4142 celatum,
972 4067 1177 4134 maniliacum
1193 4087 1227 4132 ea
1242 4088 1369 4152 mnrpo·

211 4169 306 4235 euim
316 4170 354 4234 de
367 4171 438 4234 urbe
448 4171 608 4253 prodmda,
623 4171 700 4248 dein,
715 4169 808 4236 eaesis
819 4169 954 4253 plurimis
966 4169 1111 4250 Troianis,
1125 4171 1157 4236 iu
1172 4183 1268 4241 eastm
1278 4173 1370 4239 Grae·
1483 4189 1485 4194 ’

227 4361 231 4368 ’
277 4391 374 4460 aava
385 4391 787 4462 wttuaaramanmaea.
800 4393 991 4466 μωιιιιιρ.
1005 4396 1080 4451 rora.
1095 4396 1169 4451 aare.
