3092 4964
650 449 861 549 „ett-

169 641 338 706 lestiritates
352 650 382 706 et
394 641 588 708 recreationes
603 639 752 706 institutas
766 659 833 703 esse
846 637 1012 722 perrtdpata
1031 645 1078 701 est
1095 646 1126 701 et
1145 656 1219 702 sane
1237 639 1331 702 reris·

168 747 244 811 sima
256 745 742 830 aetemmscriplorumsententia.
768 743 831 807 l'id.
843 743 1015 824 Phthepg.
1027 741 1062 816 11,
1083 743 1093 804 l
1113 761 1143 825 p.
1160 743 1203 806 50
1219 741 1330 806 chstii

169 869 277 914 comm.
293 869 322 932 p.
339 850 391 913 92.
421 851 522 914 Horat.
538 849 593 932 Ep.
608 849 643 919 ll.
663 850 689 922 t,
703 849 761 910 llll
777 846 846 928 ihiq.
862 846 927 910 intl.
951 845 985 908 ln
1000 855 1148 908 structura
1162 855 1259 908 autern
1274 845 1330 907 ho·

168 971 234 1017 rum
254 954 424 1029 verborum,
443 953 523 1035 quod
547 939 652 1035 οὗπερ
672 943 767 1014 ἕνεκα
785 949 832 1026 ait,
851 967 943 1031 msam
963 955 1062 1012 tamen
1083 942 1223 1011 πλείονα
1242 967 1330 1030 prrae-

169 1057 300 1131 cesserit,
315 1074 376 1121 non
388 1055 525 1139 estquod
537 1052 855 1128 olleudamunotiatnsi
867 1071 883 1116 a
895 1051 1070 1116 Philodemo
1082 1070 1113 1134 p.
1125 1047 1329 1129 tnenttm,

168 1178 228 1224 nou
244 1152 378 1235 πλέονα,
393 1157 537 1241 scripturn
552 1177 620 1222 esse
634 1157 779 1221 rideatur:
795 1175 863 1220 nam
878 1163 1027 1238 procerte
1040 1154 1112 1217 nihil
1124 1155 1328 1237 affirmaripo-

167 1271 234 1338 test,
254 1280 345 1344 quum
360 1269 432 1344 pest
446 1253 547 1326 πλέον
562 1261 659 1324 statim
674 1259 777 1324 lacuna
792 1259 840 1323 sit.
869 1258 923 1321 Est
937 1256 1015 1320 enim
1030 1255 1103 1319 haec
1117 1274 1178 1319 nou
1193 1256 1329 1319 inusitata

169 1363 294 1428 brevitas
309 1361 433 1438 dicendi,
448 1372 481 1428 ut
494 1363 644 1428 relatitum
660 1379 827 1445 pronomen
842 1358 1083 1422 accommodetur
1093 1375 1156 1420 nou
1167 1357 1236 1440 ipsi,
1251 1358 1329 1440 quood

168 1466 337 1548 praecessit,
356 1465 480 1539 nomini.
501 1466 554 1530 aed
569 1465 668 1548 potius
683 1465 809 1529 teniverai
825 1461 941 1545 generis
956 1460 1079 1536 notioni,
1098 1460 1182 1524 cuius
1200 1461 1260 1524 hoc
1274 1480 1328 1523 ne·
1462 1519 1463 1522 ,
1529 1501 1530 1509 .

168 1568 247 1632 mino
261 1587 331 1651 para
347 1569 499 1644 indicatur.
519 1579 548 1633 et
562 1569 641 1651 quod
657 1567 755 1651 ipsum
775 1563 1009 1631 subaudiendum
1029 1562 1131 1627 lectori
1150 1562 1328 1645 relinquitur.

167 1671 268 1753 ltaque
282 1673 340 1736 hoc
354 1673 420 1736 loeo
439 1664 577 1736 πλείονα
593 1653 697 1753 οἷπερ
712 1663 807 1734 ἕνεκα
816 1703 861 1716 -
871 1665 1015 1748 siguificat
1026 1664 1117 1748 pluro
1132 1668 1194 1728 eires
1206 1669 1329 1748 pencris

166 1785 289 1858 propter
302 1777 380 1859 paoli
392 1794 450 1849 -ς
466 1775 554 1858 idque
572 1791 675 1856 genus,
695 1771 811 1848 utiliori,
829 1770 946 1834 labores
960 1779 990 1833 et
1003 1786 1160 1833 aerumnae
1178 1779 1258 1834 suut.
1287 1771 1330 1832 tu.

166 1877 255 1941 etiam
274 1877 418 1943 Priscian
438 1876 522 1952 xvtt
542 1875 595 1950 20.
619 1876 677 1940 156
696 1895 727 1958 p.
748 1874 785 1939 st
808 1873 857 1938 lir.
876 1907 915 1920 ·-
954 1873 1089 1936 Ceterum
1114 1873 1144 1936 in
1168 1871 1330 1937 Philodemi

169 1998 295 2044 censura
314 1981 421 2045 horum
442 1987 669 2064 praeceptorum
690 1986 761 2042 suut
779 1976 898 2060 quidem
917 1976 1029 2058 aliquot
1046 1975 1119 2040 satis
1138 1995 1240 2058 pratea
1264 1994 1331 2038 eor·

169 2081 313 2166 ruptelae:
343 2083 395 2148 sed
414 2084 477 2157 ltus,
504 2081 644 2166 quoniam
668 2079 830 2165 probabilis
853 2078 1021 2144 emendatio
1045 2078 1075 2142 in
1103 2097 1242 2162 praetem
1269 2095 1331 2142 non

168 2187 307 2272 suppetit,
322 2185 598 2271 praetermittemus.

254 2291 352 2376 Pergit
374 2291 481 2358 deimle
503 2287 729 2374 Theophrastus
753 2287 789 2352 od
812 2287 960 2352 hunorum
989 2277 1195 2372 (ponentem)
1222 2303 1331 2362 curam,

169 2413 257 2477 quom
272 2395 416 2460 contineri
432 2394 502 2459 dicit
516 2393 562 2459 his
582 2403 722 2478 quattuor
740 2393 906 2475 generibus,
926 2400 960 2456 ut
979 2409 1162 2456 oeconomus
1181 2401 1211 2455 et
1230 2409 1331 2476 parare

168 2497 255 2574 hona,
268 2509 298 2563 et
313 2498 470 2572 custodire,
486 2508 515 2562 et
529 2506 596 2582 apte
610 2497 777 2579 disponere,
792 2507 821 2561 et
835 2508 914 2562 recte
929 2498 964 2560 iis
978 2497 1021 2560 uti
1036 2496 1124 2574 sciat;
1143 2515 1218 2579 quae
1233 2499 1330 2561 omnia

168 2602 256 2666 etiam
276 2601 442 2685 Xenophon
462 2601 598 2684 requirit,
624 2619 802 2683 quamquam
824 2599 881 2662 alio
900 2599 1024 2662 docendi
1043 2600 1147 2664 ordine
1165 2619 1255 2673 usus,
1277 2619 1332 2664 nec

169 2715 228 2767 tam
249 2703 357 2769 diserte
376 2703 492 2785 singula
511 2720 689 2766 enumerans
706 2713 736 2766 et
754 2703 831 2766 iuter
849 2723 881 2766 se
903 2721 1096 2786 componens.
1135 2707 1230 2786 htqna
1253 2705 1332 2768 huuc

169 2808 376 2889 Theophrasto
391 2805 479 2870 etiam
495 2806 525 2870 in
540 2807 595 2870 hac
610 2814 692 2888 parte
707 2805 893 2870 obuersatum
908 2825 983 2880 esse,
999 2805 1041 2869 rel
1055 2826 1091 2871 ea
1107 2824 1167 2870 uno
1182 2807 1249 2872 loco
1260 2827 1331 2891 pro·

167 2908 263 2974 habile
282 2911 315 2972 Ttt
330 2928 359 2990 p.
376 2909 406 2984 8,
425 2909 473 2982 li,
493 2907 542 2971 ubi
557 2909 658 2972 eadem
679 2907 771 2972 utitur
790 2910 930 2992 perforati
949 2910 1019 2974 dolii
1038 2909 1238 2987 similitudine,
1258 2931 1333 2995 quae

168 3023 214 3076 est
232 3013 310 3096 apud
332 3011 559 3094 Xenophontem
582 3029 645 3094 cap.
666 3011 695 3086 7,
710 3014 761 3075 40.
780 3046 822 3058 -
858 3011 1049 3077 Philodemus
1070 3021 1168 3076 aulem
1194 3015 1333 3078 tralaticia

168 3117 240 3182 haec
260 3117 359 3180 omnia
379 3125 408 3180 el
428 3115 593 3199 pervtdgata
613 3135 680 3179 esse
699 3115 818 3190 iudicat,
838 3134 893 3180 nco
912 3115 985 3180 satis
1003 3125 1082 3180 reete
1100 3116 1178 3181 inter
1197 3137 1231 3180 se
1249 3137 1333 3182 cour-

167 3220 273 3303 posila.
309 3219 400 3283 Verba
421 3220 484 3283 eius
503 3219 639 3302 plurimis
660 3219 772 3283 lacunis
791 3217 922 3282 mutilata
941 3227 1020 3294 suut,
1041 3237 1166 3301 querunt
1186 3238 1267 3284 nuno
1284 3241 1334 3284 eas

137 3381 140 3387 ,
169 3333 283 3387 tantum
295 3322 478 3404 significabo,
494 3322 531 3387 de
542 3339 666 3405 quarum
678 3321 894 3405 supplementis
906 3320 978 3384 mihi
992 3341 1059 3384 cum
1075 3321 1227 3404 prioribus
1240 3323 1334 3387 edito·

167 3425 251 3490 ribus
270 3442 333 3488 non
353 3423 499 3500 convenit,
518 3443 611 3506 caque
629 3425 728 3489 statim
749 3443 930 3508 proponam,
951 3442 1027 3507 quae
1046 3425 1119 3489 mihi
1138 3425 1334 3508 probabiliora

169 3547 237 3590 esse
254 3527 399 3590 vitentur.
434 3522 506 3590 Καὶ
519 3521 580 3608 μὲν
593 3523 633 3592 τὸ
648 3523 789 3610 τέτταρα
804 3525 874 3591 δεῖν
888 3515 975 3591 εἶναι
989 3523 1049 3590 τοῦ
1068 3522 1225 3614 συνήθως
1244 3523 1334 3594 οἱκο-

169 3632 270 3708 tro'poe
282 3624 601 3710 npoceylopseoptlaou
616 3637 698 3710 sarept
711 3633 746 3690 sd
753 3624 927 3716 χιρῇματα,
945 3623 986 3695 τό
999 3649 1037 3694 aa
1051 3627 1208 3716 sapaeadr
1221 3627 1279 3696 καὶ
1296 3629 1335 3696 τὸ

168 3727 371 3821 φυλακτικὸν
384 3725 443 3796 καὶ
460 3727 502 3795 τὸ
524 3729 727 3819 κοσμητικόν
746 3729 805 3797 καὶ
822 3735 870 3806 ald
879 3735 1044 3813 χρηστικόν,
1057 3735 1132 3808 sira]
1152 3737 1252 3818 erupti
1265 3745 1331 3810 τοῖς]

168 3829 552 3915 uomet-feypoolpavor,
565 3837 645 3911 tem]
671 3834 1027 3910 sustentamus--
1041 3828 1177 3912 -1012'1'
1204 3829 1334 3916 όιριθῶς

168 3947 267 4018 [ιαῡιί
283 3932 412 4021 {ponte}
427 3941 684 4022 etmspp'oolpar,
700 3931 777 4006 οὐδὲ
789 3935 874 4004 κατὰ
888 3933 1076 4027 aporema,
1090 3936 1148 4006 τοῦ
1160 3959 1197 4024 ys
1207 3959 1334 4029 soupp·
1354 3949 1385 4004 tt

167 4040 263 4110 τικοῦ
284 4040 377 4132 παρὰ
394 4039 435 4109 ati
451 4039 606 4132 κτητικόν
625 4039 684 4108 καὶ
703 4038 907 4132 φυλακτικόν
920 4033 985 4134 οὐκ,
1001 4034 1104 4120 ὄντος.
1133 4043 1253 4109 Priores
1271 4045 1334 4110 edi·

168 4159 249 4213 tores
264 4148 337 4213 haec
351 4149 391 4214 ila
408 4147 565 4214 restituere
585 4149 682 4214 conati
701 4158 787 4213 sunt:
805 4141 863 4210 καὶ
877 4141 943 4234 μὴν
955 4141 996 4212 ad
1009 4139 1151 4234 τέτταρα
1165 4145 1237 4213 daie
1249 4137 1336 4216 eleos

167 4247 227 4316 τοῦ
251 4243 407 4337 matidies
431 4241 920 4332 oiaotse'pceetdpnoplevopae'vov
947 4257 1037 4332 eripis
1047 4246 1272 4340 τὰχ1ρήματα,
1296 4251 1337 4321 τό

166 4375 204 4419 τε
227 4347 383 4440 massada
405 4347 473 4416 aa).
499 4357 608 4437 rcapti]
635 4351 778 4431 πολλῐῦν]
800 4345 1038 4440 modwennae]
1059 4354 1146 4423 atrati
1168 4353 1268 4434 dldorl.
1300 4359 1338 4424 tlt

168 4449 244 4540 εἴδη
260 4453 378 4537 quidem
394 4464 559 4539 posuerunt
570 4469 736 4543 propterea,
752 4461 831 4542 quod
843 4482 860 4527 a
872 4463 1080 4547 Theophrasto
1090 4467 1151 4534 hoe
1161 4469 1336 4535 vocabulum
