3092 4964
745 458 808 524 204

193 651 324 714 stantiso
339 659 368 711 ot
382 647 524 710 adiectim
538 647 676 710 adiuncto
693 657 868 730 temperata,
882 650 935 713 sod
951 655 1157 717 tantunnuodo
1172 655 1209 719 ab
1223 659 1364 722 adiectiso

193 753 363 836 qualitatem
378 751 454 814 idam
471 749 626 826 indicante,
642 759 674 814 ut
687 752 774 834 piano
788 751 936 816 divorsum
951 753 991 818 sit
1004 755 1167 836 hocgcnus
1179 761 1216 823 ab
1228 764 1365 842 eadgaro

192 859 229 919 dc
249 875 309 938 qua
329 873 419 937 supra
439 853 644 937 exposuimus.
692 853 785 918 Voluti
806 855 831 918 si
852 854 964 919 dictum
986 857 1062 922 iorct
1081 859 1117 922 ab
1132 859 1273 945 Euripide
1288 864 1363 943 πῶς

190 951 319 1040 βιῶσαι
346 947 490 1044 ἄδακρυς
518 951 577 1020 τὸν
603 951 719 1044 φόνον,
752 976 857 1033 nomo,
882 960 1006 1041 opinor,
1032 963 1137 1026 dixerit
1165 969 1362 1032 accusativum

193 1072 352 1146 propterca
368 1061 498 1145 positum
519 1081 598 1134 osso.
618 1061 685 1144 ‹rrria
704 1055 827 1144 βιώσιι
851 1051 996 1147 {idoncos
1018 1065 1095 1130 idom
1116 1067 1260 1150 signiticot
1285 1073 1364 1153 quod

193 1159 235 1230 οὗ
258 1159 449 1249 δακριῑσεις,
471 1165 522 1228 sod
542 1164 665 1228 corbum
686 1174 715 1228 ot
733 1164 907 1230 adiectirum
926 1167 1104 1252 sciurrgsnda
1119 1191 1187 1236 essa
1201 1172 1322 1250 videbit,
1337 1184 1366 1238 ct

192 1271 395 1336 accusativum
418 1271 622 1333 tantummodo
648 1269 684 1333 ab
709 1269 850 1334 adicctiro
877 1272 1006 1353 pondero
1031 1284 1189 1357 propteroa
1214 1278 1282 1360 quia
1308 1278 1367 1342 hoc

193 1377 297 1459 ipsum
313 1375 389 1437 idom
403 1372 547 1455 significet
566 1373 646 1454 «ruod
665 1364 704 1437 od
727 1367 926 1459 δακρύουσα.
956 1376 1040 1440 lianc
1059 1378 1098 1441 ob
1117 1399 1237 1444 causam
1258 1381 1366 1465 siquis

193 1481 238 1544 sel
255 1480 334 1542 hanc
347 1486 523 1541 structuram
538 1470 659 1559 βιώσει
682 1468 829 1563 ἄδακρυς
849 1470 952 1565 φόνον
974 1477 1017 1543 rol
1037 1481 1114 1545 idam
1130 1474 1266 1570 σχήσεις
1287 1485 1365 1567 μοῖ-

165 1661 169 1668 1
192 1605 257 1670 ραν
279 1573 424 1666 ἄδακρυν
444 1573 548 1668 φόνον
569 1581 696 1664 probaro
721 1583 803 1659 sciit,
819 1582 845 1646 oi
860 1583 933 1647 nihil
948 1583 1006 1649 nisi
1022 1585 1081 1649 Ιιοσ
1094 1587 1284 1669 probandum
1299 1589 1365 1664 crit,

192 1685 371 1752 adiootiium
387 1675 533 1769 ι’ἱδακρις
548 1705 616 1750 cum
631 1688 797 1753 accusativo
812 1687 955 1753 construi.
985 1689 1018 1753 id
1032 1710 1087 1773 ogo
1102 1691 1216 1756 ctiamsi
1232 1692 1367 1775 potuisse

193 1793 259 1857 tiori
279 1809 341 1855 non
360 1809 493 1874 nogo-
508 1791 757 1874 qucnradmodum
774 1783 916 1879 ἀνήκοος
927 1811 1142 1878 nonuunquam
1158 1815 1227 1861 cum
1243 1817 1366 1862 accusa·

194 1898 256 1960 tivo
272 1895 404 1961 construi
420 1905 523 1958 notum
539 1906 642 1958 ost-
662 1905 761 1960 tamon
781 1907 814 1960 ut
835 1900 943 1961 tactum
968 1918 984 1963 a
1005 1899 1123 1962 Graccis
1147 1918 1213 1963 csso
1240 1899 1367 1976 credam,

197 2011 279 2064 certa
304 1999 436 2082 oxompln
461 2007 598 2080 expecto,
624 1999 717 2080 qualia
744 2000 839 2064 donoc
858 2000 1169 2082 proterantur,nolim
1185 2001 1367 2082 inambigua

194 2104 254 2166 loci
269 2101 418 2184 Euripidoi
435 2102 579 2183 scripturo
595 2102 792 2165 accusativum
808 2103 934 2182 genitivo
950 2107 1106 2186 pracicrrc.
1141 2103 1242 2186 Ncquc
1255 2105 1367 2168 hiatum

101 2217 102 2220 ’
194 2205 315 2288 aegrius
330 2203 511 2268 toleraverint
527 2222 616 2285 (ruam
631 2213 810 2268 structumm
826 2205 1004 2269 inauditam:
1019 2205 1069 2287 qui
1085 2215 1183 2270 tamma
1198 2206 1224 2270 si
1240 2208 1279 2271 sit
1293 2206 1367 2271 adoo

197 2307 406 2382 intolerabilis,
425 2305 508 2370 loniri
528 2305 636 2388 poturit
656 2305 681 2370 si
706 2327 773 2370 curn
799 2307 967 2388 ddusgrasio
990 2316 1020 2371 ct
1041 2308 1180 2373 Edroslsio
1204 2298 1227 2396 ἤ
1247 2327 1302 2392 pro
1329 2300 1369 2373 ori

195 2413 355 2478 scribatur.

287 2516 360 2579 vers
380 2513 469 2578 1052.
674 2503 759 2575 dtas
781 2507 843 2598 γάρ
866 2507 958 2577 ἐστιν

502 2613 613 2698 μοι’·σα
634 2611 693 2678 καὶ
716 2607 795 2701 ἡμῖν
815 2606 838 2702 ἣ
860 2613 1061 2700 προσομιλεῖ

503 2711 628 2806 coming
649 2713 771 2784 ἕνεκα·
794 2712 943 2783 πάσαισι
964 2712 1026 2800 μὲν
1047 2711 1099 2784 od'.

505 2819 633 2908 παῦρον
655 2818 717 2907 γὰρ
741 2819 783 2908 δὴ
807 2816 898 2905 γένος
919 2816 954 2886 ἐν
977 2818 1117 2899 πολλοῖς

606 2920 714 3008 εὕροις
736 2915 777 2987 do
798 2917 881 3002 ἴσως

506 3020 588 3093 κούκ
610 3020 808 3108 <incisionum
828 3023 868 3089 τὸ
892 3023 1063 3110 γυναικῶν.

291 3136 330 3197 tta
351 3137 431 3198 iruuc
449 3135 546 3197 iocum
568 3131 753 3194 liornmnrms
773 3129 862 3194 scribi
882 3129 962 3194 iubet
985 3149 1020 3192 cx
1045 3129 1174 3193 Porsoni
1191 3131 1369 3208 coniectura,

202 3238 261 3303 uisi
277 3238 357 3320 quod
371 3228 468 3314 κούκ,
482 3258 499 3300 a
515 3236 652 3298 i'orsono
668 3233 698 3296 in
714 3225 773 3296 oda
789 3241 949 3308 assumtum,
968 3232 1143 3297 serrandum
1164 3234 1223 3316 ipsi
1243 3235 1370 3299 videtur:

203 3341 369 3406 certissimo
394 3341 488 3416 onim,
512 3339 621 3420 inquit,
648 3337 750 3400 cadom
781 3337 895 3402 rationo
921 3332 1050 3422 παῦρον
1071 3329 1153 3399 κούκ
1175 3327 1372 3422 ἀπόμοσσον

203 3449 317 3512 dictum
343 3455 403 3521 ost,
422 3465 480 3528 qun
501 3441 724 3506 usitatissimum
746 3442 814 3506 iilud
841 3436 952 3506 πολλὰ
974 3437 1032 3505 καὶ
1053 3437 1191 3526 μεγάλα.
1228 3445 1266 3507 at
1284 3445 1371 3507 nobis

204 3555 280 3616 haec
298 3550 387 3626 ratio,
407 3569 465 3631 qua
484 3541 595 3612 πολλὰ
617 3542 674 3610 καὶ
696 3541 824 3631 μεγάλα
846 3546 902 3611 dici
924 3547 1014 3622 solet,
1030 3545 1066 3610 ab
1081 3566 1128 3620 ca,
1155 3565 1243 3630 quam
1268 3559 1373 3613 nostor

204 3657 289 3719 iocus
304 3655 443 3737 postulat,
458 3671 582 3735 prorsus
596 3653 709 3716 diuersa
724 3671 789 3716 ossa
804 3652 926 3714 vidntur.
956 3651 1032 3715 Nam
1047 3645 1158 3714 noi-ici
1172 3646 1231 3715 καὶ
1245 3646 1373 3736 μεγάλα

204 3761 345 3824 dicuntur
364 3777 438 3840 quac
457 3757 545 3820 simul
565 3766 595 3820 ct
613 3756 704 3820 nrrrtta
723 3765 753 3820 et
773 3776 876 3838 magna
898 3755 1047 3819 vatnam
1067 3773 1158 3836 caquc
1173 3772 1278 3836 magna
1294 3766 1373 3832 sunt,

204 3865 241 3925 ad
258 3863 338 3944 quod
353 3861 520 3942 exemplum
535 3859 560 3922 si
575 3860 612 3922 do
632 3857 786 3923 mulicmm
807 3879 914 3940 gonorc
933 3857 1089 3940 Euripides
1109 3857 1231 3920 dixisset
1245 3854 1374 3943 παῦρον

205 3959 287 4030 noda
309 3958 505 4047 ἀπόμοοσον
525 3959 566 4028 τὸ
589 3959 766 4047 γυναικῶν,
789 3982 897 4046 paucas
924 3983 1033 4045 casque
1058 3963 1207 4046 sapientes
1234 3963 1372 4028 mulieres

206 4088 274 4132 csso
289 4068 419 4132 dixisset.
449 4069 518 4133 Non
532 4077 630 4133 autem
645 4069 704 4132 iroo
717 4077 769 4131 aut
782 4067 873 4131 soluit
892 4077 942 4132 aut
955 4067 1066 4151 potuit,
1082 4069 1135 4131 sod
1150 4087 1185 4131 ox
1200 4067 1372 4132 mulieribus

207 4171 341 4253 ousiosis
356 4172 455 4236 multis
471 4191 578 4255 paucas
595 4171 802 4235 tantummodo
818 4170 966 4254 sapientes
987 4191 1060 4235 csso.
1089 4171 1192 4256 itaque
1206 4190 1268 4235 non
1284 4191 1373 4237 coor-

208 4273 307 4337 dinata
322 4273 397 4338 intrr
411 4293 444 4337 se
459 4287 529 4339 sunt
543 4275 590 4340 iila
604 4275 760 4350 ordinatim,
774 4274 1024 4358 quamadmodum
1044 4295 1078 4339 ea
1093 4295 1168 4358 quac
1182 4276 1289 4358 copula
1303 4275 1371 4338 iun·

207 4387 333 4461 guntur,
351 4377 404 4440 scd
424 4378 651 4444 subordinatum
665 4379 790 4443 sitorum
809 4376 904 4450 alteri,
925 4397 1016 4459 quum
1039 4375 1168 4463 παῦρον
1187 4397 1222 4442 cx
1237 4379 1374 4442 univorsa

208 4479 366 4546 muliorum
382 4481 564 4546 multitudino
578 4491 691 4567 portem
706 4481 833 4566 aliquam
848 4479 981 4563 exiguam
993 4481 1109 4558 eximat,
1124 4502 1200 4565 quas
1214 4472 1275 4548 oda
1286 4471 1372 4544 dut-
