3092 4964
759 426 820 494 192

687 516 760 528 ,ι-
775 517 888 528 “-·-

212 641 301 704 quum
321 619 458 682 deberent
477 617 552 682 inter
570 637 603 679 se
623 615 810 692 ambiente,
836 617 959 681 alienato
980 624 1009 680 et
1030 616 1138 680 inloeto
1157 617 1258 682 auimo
1277 627 1370 682 erant

210 723 272 786 Erit
279 722 365 802 igitur
372 720 480 784 νοσιίν
494 719 541 782 bic
555 737 673 800 quoquo
689 717 766 782 idem
783 722 842 784 lere
856 719 936 800 quod
951 709 1143 796 στασίαζιιν
1156 722 1200 783 rel
1214 718 1372 802 διχοστα-

208 825 277 888 τεῖν
290 841 316 886 ν.
335 825 388 899 15ς
408 821 659 903 quemadmodum
679 821 915 902 frequentissime
933 822 992 884 boo
1005 820 1126 884 scabunt
1146 822 1285 903 usurpari
1300 823 1371 886 satis

209 935 333 990 constat
371 926 435 990 llid.
450 944 524 1007 oquae
538 923 695 988 laudantur
708 943 725 984 a
740 921 866 987 Baebrio
881 923 916 987 ad
933 923 1079 988 Plutarch.
1095 923 1279 1007 l'bilopoem.
1295 943 1325 1007 p.
1340 925 1370 987 6.

213 1026 264 1094 Τδ
279 1023 425 1118 φίλτατα
443 1037 540 1093 autem
559 1029 595 1092 de
614 1027 665 1105 iis,
691 1027 741 1111 qui
762 1047 795 1091 sa
815 1025 937 1091 invicem
953 1045 1052 1091 aurare
1071 1026 1230 1104 debelrem,
1256 1027 1371 1092 etiamsi

209 1154 297 1216 quam
316 1135 444 1198 maxime
462 1132 560 1197 inlesti
580 1131 653 1206 sint,
672 1131 778 1195 eodem
801 1130 892 1194 modo
912 1130 1020 1194 dicitur
1042 1139 1074 1194 ut
1092 1131 1235 1194 Androm.
1251 1148 1277 1193 ν.
1296 1130 1371 1195 l'ld:

211 1233 271 1300 διδ
285 1230 389 1324 μόνον
404 1227 438 1301 δ’
452 1225 486 1298 σί
505 1227 665 1322 φίλτατοι
678 1235 850 1318 χωροῦσιν.
894 1234 1000 1298 λισσὴ.
1016 1233 1089 1297 Cbo.
1105 1231 1183 1299 228:
1197 1229 1276 1310 τούς
1289 1231 1372 1322 φιλ-

209 1334 330 1416 τάτοις
344 1325 406 1425 ’γὰρ
421 1325 500 1403 olda
514 1333 579 1424 νῷν
593 1327 692 1415 ὄντας
706 1329 857 1425 πικροίς.

295 1478 328 1540 l'.
342 1478 383 1540 tt
399 1476 650 1560 speciosissimam
665 1475 770 1541 liureti
784 1474 982 1540 coniecturam

557 1603 651 1678 α’ίτοι
666 1606 792 1700 ῥᾳδίως
806 1632 843 1695 ys
856 1605 1033 1694 συμβαλὼν

410 1707 535 1799 ι”χθραν
548 1737 602 1793 τις
617 1707 701 1803 αἰτῇ
715 1707 906 1779 καλλίνικον
920 1704 1061 1802 ᾅσεται

211 1875 265 1937 pro
281 1853 416 1918 codicum
437 1853 583 1936 scriptura
598 1843 729 1916 οἴσεται
744 1851 873 1915 Porsoni
893 1851 1027 1934 exemplo
1048 1871 1064 1914 a
1085 1850 1189 1914 ceteris
1209 1851 1372 1914 editoribus

210 1965 356 2038 receptam
372 1974 448 2020 unus
464 1955 543 2037 quod
560 1954 652 2017 eriam
667 1953 819 2035 Pllugltuls
833 1953 1008 2037 repudiarit:
1024 1964 1053 2017 ct
1068 1961 1155 2026 recto,
1170 1972 1238 2015 meo
1253 1953 1371 2017 iudicio.

209 2062 393 2141 Quamquam
405 2058 484 2140 quod
500 2055 547 2120 bic
560 2056 725 2138 exemplum
740 2057 823 2118 allert
834 2056 871 2120 ad
886 2055 1068 2138 probandam
1079 2055 1282 2137 loquutionem
1293 2051 1373 2117 καλ-

210 2153 335 2224 λίνικον
348 2153 532 2247 piperum,
551 2159 670 2221 Pindon.
690 2157 774 2220 Nem.
791 2157 837 2232 ΙΙΙ,
858 2159 914 2221 27:
944 2151 1168 2238 καματωδέων
1186 2153 1225 2220 δὲ
1244 2152 1376 2238 πλαγᾶν

210 2253 292 2339 ι’ίκος
305 2253 441 2347 ίγιηρδν
455 2253 491 2326 ίν
505 2279 541 2342 γε
555 2253 747 2344 βαίλνπίδιμ
761 2255 876 2344 Νεμέᾳ
889 2256 929 2324 ιδ
940 2253 1130 2324 καλλίνικον
1144 2253 1249 2346 φέρει,
1266 2260 1371 2342 possit,

210 2365 261 2444 qui
286 2363 463 2446 pertinacius
488 2361 581 2425 obniti
607 2361 685 2434 uelit,
711 2361 932 2443 interpretando
957 2381 1117 2426 remouere.
1161 2361 1273 2424 Licebit
1293 2362 1373 2425 enim

209 2466 387 2547 coniungere
394 2455 522 2540 δκοςτδ
530 2455 724 2541 καλλίνικον,
732 2462 873 2528 medelam
879 2464 963 2528 illam
971 2465 1149 2548 praeclarae
1159 2467 1299 2526 uictoriae
1307 2464 1335 2528 b.
1344 2484 1372 2526 e.

183 2615 185 2620 -
208 2587 283 2650 quae
297 2575 412 2632 constat
425 2565 573 2648 pramlara
587 2565 721 2639 victoria,
743 2585 801 2647 qua
821 2567 937 2630 ratione
948 2567 1077 2633 admissa
1092 2585 1154 2631 non
1166 2565 1223 2629 inan
1238 2561 1278 2629 ιδ
1293 2563 1372 2629 καλ-

208 2666 336 2733 λινικον
349 2669 400 2732 sed
417 2659 498 2746 ι’ίκος
511 2687 528 2732 a
543 2667 634 2733 rerbo
648 2663 746 2754 φέρει
761 2669 882 2752 pendet,
898 2687 993 2750 neque
1008 2668 1076 2732 illud
1092 2668 1265 2732 substantivi
1280 2671 1374 2732 instar

209 2783 264 2848 est,
287 2771 340 2836 sed
355 2772 528 2836 adiectirum
543 2771 725 2834 substantivo
746 2772 888 2835 iunctum.
933 2773 991 2835 Sed
1006 2783 1052 2835 ost
1067 2781 1164 2834 tomen
1179 2771 1224 2835 illa
1238 2773 1372 2853 loquutio

209 2875 370 2948 eiusmodi,
385 2893 459 2956 quae
475 2873 538 2956 ipsa
554 2893 587 2936 se
602 2875 689 2937 otiam
709 2874 774 2937 siue
788 2873 929 2956 exemplis
949 2874 1037 2937 iacile'
1052 2882 1180 2937 tueatur:
1206 2893 1254 2937 me
1274 2883 1372 2938 autem

208 2988 241 3044 ut
256 2969 386 3044 οίσειαι
402 2977 578 3041 sonantum
594 2976 729 3049 iudicem,
745 2995 806 3041 non
822 2976 1063 3040 solumcotlicum
1075 2994 1240 3040 consensus
1252 2995 1371 3059 permo-

209 3091 266 3156 vet,
282 3080 333 3144 soal
348 3081 422 3144 baec
437 3097 554 3164 quoque
569 3079 654 3156 ratio,
667 3079 747 3162 quod
762 3072 951 3144 καλλίνικον
965 3070 1060 3166 ᾅδειν
1072 3098 1134 3143 non
1149 3077 1242 3161 ipsius
1255 3079 1372 3143 victoris

210 3205 277 3248 essa
291 3183 432 3258 arbitror,
459 3183 511 3246 aad
532 3201 636 3248 eorum
651 3183 702 3266 qui
721 3183 872 3248 uictoriam
892 3184 918 3247 ei
939 3183 1133 3266 gratulantur,
1162 3182 1375 3258 concelebrant,

211 3288 337 3351 laudant
361 3286 401 3350 lta
411 3285 494 3348 llere.
503 3285 536 3348 F.
551 3303 578 3348 ν.
591 3285 668 3350 689:
682 3281 744 3350 τὰν
753 3278 956 3370 Ἡρακλέους
969 3278 1158 3350 καλλίνικον
1172 3276 1275 3349 doloso
1289 3280 1375 3365 μολ-

211 3384 408 3453 audacherus
429 3386 499 3450 dicit
518 3385 651 3452 llerculis
672 3388 807 3453 victorina
827 3389 1037 3462 celebraturus,
1063 3396 1092 3452 et
1115 3387 1220 3452 Electr.
1247 3405 1273 3451 ν.
1295 3386 1372 3452 ⁸66:

209 3483 280 3556 ἀλλ’
294 3485 435 3557 ἐπάειδε
453 3482 641 3556 καλλίνικον
661 3482 751 3580 ᾠδὰν
770 3484 841 3580 ίμιῖι
853 3489 956 3580 χορῷ,
982 3491 1147 3556 oxltortatio
1167 3501 1214 3556 est
1233 3490 1315 3554 ebori
1336 3492 1373 3556 ad

209 3597 411 3662 celebrandam
427 3594 541 3661 Orestis
560 3595 598 3660 de
616 3595 756 3678 Aegistho
774 3594 936 3661 uictoriam.
981 3595 1081 3680 Neque
1101 3595 1180 3680 quud
1197 3593 1282 3660 lleru
1296 3596 1329 3660 F.
1346 3615 1373 3661 v.

212 3701 272 3766 180
287 3702 325 3766 ds
340 3701 462 3766 llerrulc
488 3698 598 3765 dictum
625 3709 671 3764 est
692 3694 751 3763 τὸν
775 3691 963 3766 καλλίνικον
987 3694 1072 3784 prad
1096 3697 1187 3766 θεῶν
1211 3692 1374 3782 διιιίμασε,

210 3805 369 3887 quidquam
385 3806 478 3869 lacere
493 3813 592 3888 potest
605 3803 641 3868 ad
657 3803 834 3868 contrariam
848 3803 1022 3870 sententiam
1035 3804 1229 3888 probandam.
1257 3803 1374 3886 Quippe

209 3908 286 3972 aliud
309 3899 380 3995 ᾠδή
402 3918 459 3984 cst,
484 3905 561 3971 aliod
583 3902 695 3989 κῶμος
715 3898 915 3984 καλλίνικος,
946 3925 1055 3989 pompa
1077 3916 1201 3988 propter
1222 3904 1375 3970 victoriam

211 4011 310 4084 ducta,
324 4010 355 4073 in
369 4029 426 4092 qua
440 4009 553 4074 etiamsi
569 4018 723 4074 cantantur
735 4008 813 4072 baud
829 4009 919 4073 dubie
934 4000 1023 4092 ᾠδαὶ
1037 4000 1238 4085 καλλίνικοι,
1251 4017 1374 4073 maun·

212 4121 261 4174 tur
275 4121 449 4176 tamennon
464 4111 501 4176 ab
516 4111 583 4196 ipso
598 4113 724 4186 vidore,
744 4111 796 4174 sed
811 4129 828 4173 a
843 4110 1051 4175 comitantibus
1065 4111 1237 4176 cantoribus
1251 4131 1287 4176 ae
1300 4112 1375 4176 cho·

213 4211 314 4276 reutis.
356 4211 423 4276 Non
449 4214 543 4296 magis
567 4216 627 4280 buc
648 4214 775 4298 pertinet
794 4213 877 4276 locus
896 4213 934 4276 rb
953 4212 1090 4278 Elmsleio
1110 4213 1246 4278 laudatus
1261 4212 1374 4278 Pboeo.

214 4330 241 4377 ι.
260 4312 355 4377 ratu:
378 4310 505 4396 μοῦσαν
527 4309 587 4382 ἐπὶ
612 4308 801 4385 καλλίνικον
819 4305 913 4398 ίβανι
935 4315 1081 4398 significat
1098 4315 1177 4381 enim
1197 4333 1261 4381 non
1285 4319 1379 4381 αισα·

214 4415 265 4479 red
282 4417 402 4500 adeptus
415 4437 490 4492 ιιιικ,
505 4423 603 4483 merui
614 4419 795 4484 laudatorem
809 4415 947 4483 uictoriae
962 4429 1089 4484 cantum.
