3078 4954
206 700 327 755 stratum
347 698 401 751 est.
446 686 512 750 Non
533 684 683 769 improbat
701 685 889 751 iiermmnus
904 684 1037 750 iiereulis
1056 705 1124 752 cum
1141 689 1260 754 Christo
1281 709 1365 756 com·

206 792 397 876 parationem,
413 809 502 872 quam
517 789 643 853 ioannes
658 790 805 854 Diaconus
820 787 954 865 instituit,
965 809 983 854 a
996 808 1045 853 me
1060 809 1090 873 p.
1106 791 1166 857 tau
1181 813 1366 860 commemo·

204 905 298 973 mtus;
312 893 364 958 sed
379 892 472 958 utitur
486 893 542 956 bac
556 892 712 956 occasione
726 902 759 958 ut
775 891 968 967 demonstret,
982 901 1126 974 quantum
1142 903 1239 958 tamen
1252 896 1367 962 intersit

205 999 277 1063 inter
296 998 444 1080 antiquam
464 1007 494 1060 et
513 997 703 1061 christianam
723 997 899 1062 doctrinam.
941 996 972 1061 ld
993 1015 1048 1078 epo
1068 1017 1117 1060 me
1143 1016 1205 1061 nnn
1230 999 1368 1080 ignorare

205 1102 306 1167 credo:
331 1102 384 1165 sed
410 1101 502 1165 muita
529 1111 628 1164 umen
651 1099 740 1164 etiam
768 1099 939 1182 conspirare
963 1099 1065 1176 video,
1090 1100 1284 1184 videruntque
1309 1101 1367 1185 ipsi

203 1204 328 1288 apostoii
354 1213 383 1268 et
407 1203 517 1285 antiqui
543 1202 674 1266 ethnicae
699 1202 920 1284 superstitionis
950 1203 1174 1286 impugnatores
1200 1205 1367 1282 Christiani,

102 1387 103 1392 ἵ
204 1327 330 1390 quorum
346 1307 462 1390 pinrimi
479 1306 545 1370 talia
564 1306 698 1370 ethnicos
715 1324 776 1369 non
797 1305 880 1388 ipsos
902 1307 1097 1389 excogitasse,
1116 1307 1168 1370 sod
1190 1309 1320 1392 ahioyse
1339 1317 1369 1372 et

204 1411 357 1495 prophetis
383 1411 533 1492 accepisse
563 1409 764 1484 crediderunt,
798 1428 890 1491 quum
916 1417 1019 1473 contra
1044 1408 1152 1473 ethnici
1181 1410 1368 1476 deonorum

203 1513 320 1596 scriptis
336 1513 426 1576 muita
441 1513 477 1576 ad
493 1513 678 1578 Christianos
699 1513 817 1576 tinxisse
837 1513 1060 1576 contenderent
1104 1512 1135 1576 id
1156 1521 1267 1588 autem,
1286 1517 1368 1596 quod
1441 1521 1444 1528 ’

165 1617 168 1622 ’
203 1616 390 1679 ilermannus
416 1624 554 1698 tanquam
580 1617 736 1700 proprium
762 1615 941 1697 antiquitatis
961 1625 1026 1679 eta
1053 1614 1211 1680 christiana
1236 1616 1370 1682 doctrina

204 1718 328 1782 maxime
342 1718 490 1783 diversum
506 1729 660 1796 memnmt,
675 1721 713 1782 iiii
729 1738 847 1803 quoque
868 1719 954 1801 parti,
969 1738 1026 1801 qua
1047 1718 1151 1783 ceteris
1171 1719 1370 1784 animantibus

204 1823 312 1886 similes
331 1840 454 1900 sumus,
474 1825 519 1886 ius
539 1842 626 1888 suum
642 1843 708 1888 esse
724 1842 915 1898 conoessum,
931 1825 1001 1898 hoc,
1021 1831 1164 1904 quantum
1180 1821 1298 1904 quidem
1314 1843 1370 1904 eqo

204 1925 303 2000 scum,
317 1943 356 1988 ne
369 1945 387 1988 a
400 1937 504 1990 nostra
523 1927 640 2010 quidem
660 1927 801 2007 reiigione
824 1925 949 1989 alienum
966 1933 1025 1988 est:
1045 1943 1146 1988 rerum
1162 1943 1224 1988 non
1244 1925 1312 2006 pius
1332 1925 1370 1988 dii

204 2027 278 2110 parti
293 2047 381 2109 quam
401 2029 446 2092 ius
461 2047 549 2092 surum
566 2029 686 2092 concedi
702 2027 817 2104 debere,
832 2039 862 2090 et
882 2045 1035 2090 summum
1050 2027 1080 2088 in
1095 2027 1253 2090 virtutibus
1272 2025 1371 2090 iocrrm

206 2130 336 2192 obtinere
352 2130 512 2212 pudorem,
527 2131 751 2206 continentiam,
767 2129 1008 2212 temperantiam,
1023 2127 1112 2191 etiam
1134 2138 1244 2191 ueteres
1267 2127 1306 2191 ilii
1324 2129 1371 2192 in-

209 2239 386 2303 tcilexerunt
430 2235 518 2310 duod
540 2241 638 2298 autem
659 2232 740 2296 addit
759 2242 899 2314 tanquam
920 2229 1135 2294 consectarium
1156 2249 1191 2294 ex
1218 2230 1266 2295 iiio
1292 2231 1372 2297 atteri

208 2343 283 2426 porti
309 2361 453 2406 oorrmrsso
473 2340 550 2412 iuro,
577 2339 716 2402 drictunre
741 2335 930 2420 antiquorum
951 2335 1087 2400 virtutem
1114 2333 1323 2418 cupiditatibus
1344 2347 1374 2400 ot

209 2447 298 2510 niodo
318 2446 378 2509 huc
399 2445 490 2509 modo
519 2443 585 2508 iiiuc
604 2441 726 2527 impelii,
753 2450 797 2516 ut,
822 2439 849 2505 si
864 2439 958 2505 rincat
973 2440 1077 2504 melior
1090 2458 1174 2524 pars,
1198 2449 1373 2506 tamennon

209 2553 316 2635 pudeat
330 2549 409 2614 alteri
425 2567 545 2632 quoquo
560 2548 670 2631 aliquid
686 2547 857 2611 indulsisse:
876 2546 935 2610 hoc
949 2545 1084 2621 aiterum,
1099 2545 1250 2628 induiqere
1265 2545 1374 2628 aliquid

208 2655 327 2738 corpori
342 2663 372 2717 et
390 2652 611 2736 cupiditatibus,
632 2670 669 2715 ne
684 2651 842 2714 Christiani
862 2650 979 2732 quidem
999 2667 1134 2714 veremur
1157 2661 1207 2712 aut
1228 2662 1374 2724 retamnr3
1486 2649 1487 2654 ’

208 2759 347 2824 ductuaro
362 2767 458 2821 autem
474 2769 503 2822 et
518 2758 609 2822 ruodo
624 2756 684 2820 hun
699 2755 789 2818 modo
806 2753 873 2818 iiiuc
887 2753 1004 2836 impelli,
1019 2773 1114 2837 neque
1135 2774 1271 2820 coercere
1290 2762 1374 2844 cupi·

137 2871 138 2874 ’
207 2864 311 2927 ditatos
326 2861 442 2926 ratione
457 2881 558 2946 posse,
574 2859 720 2924 ueteribus
736 2877 798 2923 non
813 2858 906 2940 magis
921 2876 1010 2940 quam
1025 2857 1115 2920 uobis
1126 2859 1267 2925 decorum
1279 2863 1374 2929 risum

208 2976 262 3030 est
292 2965 447 3029 Caritatem
463 2974 561 3027 autem
577 2981 766 3026 communem
783 2979 973 3040 amoremque
987 2961 1074 3022 etiam
1091 2961 1277 3028 inimicorum
1290 2987 1375 3049 prae·

105 3063 106 3068 ’
209 3069 278 3151 cipit
291 3068 410 3151 quidem
426 3067 513 3130 nobis
529 3066 572 3128 ior
588 3065 694 3138 dirim,
708 3083 798 3147 quam
814 3063 853 3126 ilii
869 3061 1001 3124 nondum
1017 3075 1175 3129 noveram:
1190 3068 1242 3131 sed
1257 3088 1329 3150 prae
1343 3093 1376 3136 se

210 3173 285 3235 ieme
309 3171 391 3232 huuc
414 3187 546 3232 amorem
572 3165 639 3249 quis
666 3176 803 3229 nostrum
830 3161 929 3228 ausit?
958 3163 1001 3226 he
1024 3183 1104 3240 vern,
1129 3169 1209 3248 quod
1232 3175 1376 3239 veteribus

212 3273 396 3336 hermannus
411 3270 564 3353 proprium
585 3267 702 3343 tribuit,
722 3286 821 3331 amare
836 3267 980 3340 amicum,
1000 3265 1150 3331 inimicum
1167 3271 1283 3350 odisse,
1299 3277 1375 3341 idom

210 3374 297 3436 etiam
316 3391 374 3435 nno
397 3372 532 3442 iacinctus,
555 3369 801 3450 agnoscinrusque
822 3368 879 3431 hac
894 3368 922 3431 in
939 3377 1034 3449 porto,
1050 3369 1125 3431 sicut
1140 3369 1169 3433 in
1184 3373 1248 3437 aliis
1264 3379 1375 3452 multis,

211 3475 297 3550 vitam
311 3482 445 3536 nostram
461 3473 592 3536 «lontrina
612 3473 787 3535 deteriorem
808 3491 884 3534 osse.
923 3473 981 3534 Sed
998 3471 1081 3553 quid,
1101 3493 1227 3554 quaeso,
1248 3481 1321 3546 haec
1340 3503 1376 3545 0.

212 3577 290 3640 mnia
311 3577 348 3640 ad
363 3575 536 3658 Aeschylum
553 3585 603 3638 aut
620 3574 656 3637 ad
672 3591 769 3637 meam
789 3574 879 3637 soluti
893 3574 1062 3637 Promethei
1078 3579 1279 3657 tragoediam?
1308 3583 1375 3647 Non

212 3680 289 3744 enim
304 3699 360 3761 eqo
376 3689 434 3743 tam
451 3677 567 3760 ineptus
584 3678 633 3754 tui,
647 3689 681 3741 ut
695 3677 758 3740 talin
775 3686 930 3759 praecepta
946 3677 1008 3740 dari
1023 3677 1173 3760 tingerem.
1211 3683 1251 3748 be
1266 3685 1376 3752 iustitia

214 3791 337 3858 tautum,
352 3782 389 3845 do
403 3799 484 3864 pace,
499 3781 536 3844 de
549 3781 716 3858 concordia,
730 3782 767 3845 de
781 3781 992 3856 moderatione,
1008 3780 1045 3844 de
1060 3781 1167 3864 pietate
1178 3785 1301 3852 Themis
1313 3809 1378 3854 mea
1450 3791 1453 3797 '

214 3885 350 3968 loquitur,
372 3904 445 3968 quas
460 3886 581 3948 virtutes
596 3885 646 3967 qui
660 3904 678 3948 a
691 3884 837 3948 veteribus
853 3885 977 3952 minoris
992 3909 1081 3971 quam
1097 3911 1114 3954 a
1129 3888 1219 3954 nobis
1238 3891 1376 3957 aestima·

214 3996 257 4051 tas
276 3988 368 4063 dicat,
389 4007 535 4052 summam
556 3989 689 4070 proiecto
710 3989 846 4052 iniuriam
866 3989 902 4054 iis
929 3992 1023 4057 facian
1067 3993 1254 4058 Hermannus
1278 4003 1377 4060 autem

215 4090 462 4172 quemadmodum
477 4091 545 4157 illud
570 4093 600 4156 in
615 4093 725 4156 ioanne
740 4091 870 4157 Diacono
886 4093 1003 4176 probat,
1024 4096 1104 4178 quod
1120 4098 1273 4162 iierctdem
1300 4118 1377 4182 quo·
1495 4088 1496 4092 ¹

216 4193 373 4259 dammodo
389 4213 455 4258 cum
469 4194 586 4260 Christo
603 4195 767 4280 comparari
788 4213 879 4278 posse
893 4196 978 4275 dixit,
998 4198 1037 4264 ita
1055 4199 1142 4265 etiam
1162 4203 1222 4267 boc
1240 4213 1319 4268 recte
1333 4205 1377 4267 ia·

211 4301 295 4360 ‘ctum
310 4315 468 4379 agnoscere
478 4298 612 4376 debehat,
628 4299 708 4384 qnod
721 4299 931 4364 Prometheum
945 4295 1024 4368 idem
1040 4323 1107 4369 cum
1122 4307 1235 4370 ddamo
1250 4325 1378 4390 compo·

217 4397 283 4462 suit
315 4389 385 4462 Οὔκ
406 4387 541 4478 ἄτοπον,
563 4403 664 4486 inquit,
686 4394 908 4466 actiniaco
928 4402 1146 4492 προπάτορος
1169 4401 1377 4492 temptaret

215 4496 256 4566 rd
283 4491 404 4586 νόημα,
432 4491 478 4575 ὡς
502 4491 653 4590 cincinnos
673 4497 734 4586 μὲν
759 4499 819 4570 τὸν
845 4502 1045 4593 δημιουργὸν
1066 4503 1086 4575 d
1108 4503 1377 4596 πρωτόπλοστος
