3092 4964
756 417 818 482 186

686 511 758 522 ...ιι-
770 509 886 520 ,ιιι-α·-

201 619 264 680 ost,
280 603 349 668 arci
363 625 430 668 esse
444 605 676 684 restituendum
697 603 767 672 ποῦ
782 617 879 672 autern
895 607 1018 670 hicnon
1033 607 1154 688 proprie
1168 608 1235 681 obi,
1251 609 1320 686 sed,
1336 618 1368 672 ut

202 711 324 773 solitam
344 707 375 771 in
392 705 606 789 indignatione,
625 711 686 774 lere
704 711 782 774 idem
802 709 882 792 quod
903 705 977 786 πῶς
990 727 1065 772 esse.
1109 709 1176 772 lam
1192 718 1288 774 toturn
1302 730 1368 775 vcr-

202 829 272 874 sum
288 809 328 874 ita
343 811 500 873 convertit:
530 813 673 893 momoria
687 814 837 894 prosector
851 810 900 874 ille
915 823 957 874 est
971 821 1023 874 oret
1038 813 1162 874 constitit
1177 811 1299 886 alicubi,
1318 814 1371 876 obi

202 932 263 976 ace
278 931 330 994 epo
345 911 494 976 steterim?
508 916 548 977 Ac
559 931 597 977 ne
611 915 678 997 quis
693 923 777 996 putet
792 931 853 975 non
866 913 991 976 multum
1007 913 1151 976 interesse
1165 913 1243 976 inter
1257 924 1369 978 utram·

202 1035 262 1097 epue
277 1015 567 1097 interpretationem,
589 1017 658 1080 illud
673 1017 727 1080 obi
739 1034 799 1079 νιονι
815 1034 864 1098 ego
880 1019 1004 1080 steterim
1021 1033 1086 1079 eam
1101 1015 1159 1078 vina
1179 1015 1286 1080 babere
1301 1035 1370 1080 nao-

203 1127 265 1193 net,
281 1137 316 1182 ac
330 1119 357 1182 si
372 1117 483 1182 dictum
499 1119 551 1183 sit:
573 1120 626 1182 sebi
638 1118 688 1181 ille
704 1138 739 1182 oc
753 1137 814 1182 ννονι
828 1137 879 1200 epo
891 1121 991 1202 potins
1004 1121 1139 1181 steterim.
1184 1119 1299 1194 Quodsi
1313 1120 1372 1184 hoc

204 1223 236 1288 in
250 1222 328 1288 illius
343 1223 441 1287 locum
456 1223 679 1298 substituamus,
693 1223 767 1286 bace
780 1223 836 1287 erit
849 1223 1008 1286 sententia:
1023 1221 1166 1306 pesomodo
1182 1226 1306 1286 constitit
1322 1223 1372 1287 ille

206 1327 326 1400 elisatii,
344 1325 399 1390 aedi
417 1325 466 1390 ille
486 1329 608 1400 steterit,
624 1345 659 1390 oc
674 1345 734 1390 stoa
747 1345 798 1409 ego
813 1324 931 1409 potitos?
974 1326 1006 1390 ld
1022 1343 1092 1389 vero
1108 1344 1199 1408 quum
1215 1327 1277 1390 lieri
1291 1328 1372 1392 nullo

207 1431 299 1495 modo
308 1429 414 1513 possit,
422 1439 603 1495 oteonsrstat
612 1430 716 1514 aliquis
725 1431 821 1514 aliquo
830 1431 907 1508 loeo,
924 1429 971 1494 tabi
981 1441 1150 1495 tamennon
1165 1429 1215 1494 laic
1228 1430 1303 1513 ipse,
1318 1431 1372 1495 sed

205 1534 305 1619 pandus
312 1534 386 1598 alius
394 1533 541 1618 quispiam
549 1533 702 1612 consistat,
716 1533 871 1619 apparebit
884 1534 962 1600 baud
979 1533 1069 1600 dabie
1083 1533 1155 1599 nihil
1170 1533 1247 1599 aliod
1262 1533 1373 1600 dictum

206 1659 275 1702 esse
284 1637 331 1702 bis
340 1638 447 1714 serbis,
457 1638 516 1702 nisi
524 1638 641 1721 Ajacem
652 1658 801 1722 nusquam
809 1639 988 1704 constitisse.
1004 1638 1227 1713 Conlltebimur,
1239 1638 1374 1716 arbitror,

206 1745 266 1809 laoc
280 1762 401 1820 omnesa
415 1745 473 1808 nisi
490 1753 587 1808 umen
602 1743 777 1808 mirabimur
791 1741 878 1806 istam
895 1761 966 1806 sane
984 1742 1139 1806 mirificam
1155 1742 1374 1825 perplexitatem

207 1847 365 1926 sermome
379 1867 453 1931 quae
468 1847 551 1932 quasi
566 1848 663 1913 dedita
678 1866 770 1930 opera
785 1846 959 1910 sententiam
975 1845 1124 1928 loquentis
1139 1846 1276 1910 obscuret
1290 1845 1375 1911 audi-

176 1965 193 2018 t
211 1963 365 2036 toremque
378 1952 516 2018 ludillcot.
539 1957 670 2030 Quotam
687 1951 766 2016 enim
782 1970 927 2035 tpuemquc
942 1949 973 2014 in
989 1951 1056 2033 ipso
1071 1949 1295 2016 Atheniensium
1310 1951 1376 2016 tbc·

210 2066 274 2122 atro
290 2057 381 2122 luisse
396 2067 550 2140 putamus,
569 2055 635 2140 qul,
649 2075 739 2140 qaum
756 2057 829 2120 hace
842 2056 963 2132 audiret,
978 2073 1040 2119 non
1056 2055 1095 2118 ita
1110 2055 1209 2138 potius
1225 2055 1377 2138 acciperet,

211 2161 253 2226 uti
268 2181 326 2226 nos
340 2180 430 2245 supra
445 2162 626 2246 interpretati
638 2181 752 2237 sunaus,
767 2170 801 2225 ut
814 2169 933 2242 negaret
943 2161 1145 2242 Agamemnon
1159 2159 1274 2243 Ajacem
1289 2159 1377 2243 quid·

212 2284 300 2347 quam
316 2264 382 2329 sine
398 2285 431 2329 se
445 2267 588 2348 gessisse,
609 2285 670 2330 non
686 2277 797 2342 autom,
816 2275 851 2329 ut
864 2265 937 2329 nibil
951 2283 1018 2328 eom
1034 2265 1163 2346 gessisse
1177 2264 1377 2329 contenderet.

212 2369 327 2445 Quodsi
344 2380 465 2451 quaerat
479 2369 592 2454 aliquis,
606 2369 676 2452 quid
692 2367 870 2452 permoverit
884 2367 1111 2433 subtilissimum
1126 2369 1331 2452 interpretem,
1346 2379 1379 2432 ut

212 2481 271 2536 tam
286 2471 392 2537 miram
404 2473 548 2538 rationem
564 2473 846 2549 cornminisceretur,
860 2473 1007 2555 permovit
1020 2491 1088 2537 eum
1104 2491 1208 2538 versus
1224 2471 1313 2550 laet,
1329 2472 1378 2537 ubi

210 2575 323 2640 Tnaoer
336 2577 373 2640 ad
388 2577 619 2658 Agamemnonis
634 2577 868 2642 criminationem
884 2577 1079 2659 respondens,

516 2671 575 2761 aig
591 2671 646 2744 ὅδ’
663 2667 710 2766 ἦν,
726 2681 774 2755 ait,
788 2679 905 2762 Ajacem
921 2679 1089 2761 designans,
1106 2671 1126 2746 ὁ
1141 2675 1225 2766 δρῶν
1238 2676 1329 2760 τάδε,

414 2772 455 2847 lb
469 2775 617 2865 seidonai
632 2779 700 2870 φῄς
714 2775 793 2847 citii
807 2778 975 2869 συμβῆναι
990 2779 1074 2848 ποδὶ
1080 2808 1090 2864 ,·

298 2889 351 2952 llis
361 2889 441 2953 enim
453 2888 549 2953 uerbis
565 2907 656 2971 quum
674 2889 830 2952 maniiesto
846 2888 881 2950 ad
898 2886 953 2962 illa,
969 2907 1044 2969 quae
1054 2905 1145 2970 supra
1156 2887 1377 2970 adscripsimus,

210 2991 387 3077 responderi
413 2993 558 3068 videatur,
585 2992 614 3055 id
634 2993 714 3075 ‹pood
739 2993 826 3055 etiam
854 3003 935 3054 aetus
961 2990 1134 3055 scholiastes
1161 2991 1380 3068 animadvertita

212 3097 373 3161 baesrnmt
387 3095 417 3158 in
433 3095 468 3158 iis
484 3094 531 3158 alii
547 3115 666 3178 quoque
681 3096 871 3179 interpretem
890 3095 1030 3159 nimirum
1046 3095 1127 3178 quod
1142 3097 1192 3160 bie
1205 3095 1379 3178 responderi
1476 3151 1478 3154 .

211 3198 392 3264 videaturad
407 3197 514 3280 aliquid
529 3198 609 3281 quod
623 3202 827 3281 Agamemnon
841 3217 874 3263 re
888 3218 956 3262 aera
971 3217 1033 3262 non
1048 3199 1161 3264 dixerit.
1195 3200 1232 3264 El
1246 3199 1380 3281 blusgra·

212 3303 291 3367 aiom
308 3303 426 3386 quidem
442 3301 478 3365 ab
494 3302 699 3366 emendatione
721 3301 858 3366 suabium
878 3302 950 3366 satis
972 3302 1123 3367 infeliciter
1142 3313 1289 3386 petentem
1308 3303 1380 3367 nibil

214 3425 295 3472 nune
309 3423 477 3469 rnorantur:
503 3405 671 3470 Erlurdtius
686 3413 784 3470 autern
800 3425 833 3470 se
847 3406 934 3488 plano
949 3407 1087 3471 assentiri
1102 3407 1242 3472 Triclinia
1257 3407 1380 3490 prolite-

213 3521 271 3587 tur,
288 3507 372 3592 eujus
388 3509 461 3573 baec
474 3520 521 3573 est
534 3511 571 3574 ad
587 3510 667 3573 banc
679 3509 777 3573 locum
793 3509 959 3574 adnotatio:
972 3505 1076 3597 pecie
1090 3504 1246 3590 ἐνταῦθα,
1262 3503 1307 3588 ὥς
1322 3529 1382 3575 οι·-
1469 3593 1471 3596 Υ

213 3613 375 3702 zemamai
392 3613 535 3696 Τεῦκρος
553 3603 792 3696 Ἀγαμέμνονα.
826 3604 866 3676 oei
886 3609 948 3698 yeip
967 3608 1003 3678 ie
1021 3616 1093 3692 τοῖς
1111 3609 1264 3699 πρόσθεν
1282 3605 1382 3680 niani

212 3712 329 3802 λόγοις
342 3711 430 3800 πρὸς
443 3713 561 3781 τοῦτον
574 3710 727 3781 τοιοῖτόν
739 3736 775 3780 τι
790 3709 936 3804 εὕρηται,
952 3709 1027 3782 ‹itt‘
1047 3711 1122 3806 ἔφη·
1144 3715 1213 3782 ποῦ
1227 3705 1383 3804 primasii

213 3807 894 3908 οιοῦοτάντος,οὗπεροῦκἒγιόςφαμὲνοιίν
905 3811 1384 3906 ὅτι,ιῖιόπερκοοάτάςέ’ριδας

214 3915 391 4008 συμβαίνει
411 3917 592 4013 προφέρειν
610 3913 683 3990 ἴσθ’
699 3915 757 3988 b'ca
769 3916 829 3989 τὸν
849 3915 1020 3990 ἀντίδικον
1046 3917 1315 4009 ἅπολογοῦμενον
1334 3919 1384 4010 τῷ

216 4021 452 4114 προηγοομένῳ
470 4023 531 4114 caia
550 4019 647 4115 δίκης
664 4029 820 4106 τοιαῦτα,
841 4017 864 4092 ii
883 4019 1042 4094 οὐδέποτ’
1062 4020 1162 4106 αὐτὸς
1181 4021 1382 4115 ἐφθέγξατο,

217 4121 304 4192 cisto
318 4119 501 4194 minoida.
518 4163 561 4178 -
575 4131 774 4195 Schneiderus
790 4129 917 4212 denique
936 4131 1014 4196 banc
1032 4151 1099 4196 csse
1113 4151 1140 4194 a.
1161 4131 1237 4196 laet
1262 4139 1383 4196 senten·

218 4229 288 4293 tiam
303 4239 401 4311 potat,
426 4239 460 4295 ut
477 4230 572 4314 Ajacis
592 4251 697 4316 opera,
723 4251 812 4316 quarn
828 4231 859 4297 in
873 4233 995 4316 proeliis
1009 4233 1148 4310 ediderit,
1174 4233 1282 4298 nullius
1297 4233 1383 4316 pretii

218 4333 310 4398 lautae
325 4332 446 4398 dicetur.
491 4338 528 4398 At
541 4336 619 4400 enim
635 4353 674 4401 nc
688 4338 748 4400 hoc
767 4334 886 4418 quidem
902 4354 1084 4417 responsum
1099 4345 1201 4418 aptum
1218 4337 1295 4398 leret
1307 4336 1385 4415 Aga·

218 4433 386 4498 memnonis
401 4433 605 4516 criminationi,
619 4438 670 4521 qui
685 4439 757 4504 nilail
772 4437 829 4502 nisi
844 4445 1001 4519 negaverat
1010 4436 1129 4519 Ajacem
1144 4437 1303 4519 quidquem
1319 4436 1385 4501 sine
