<?xml version="1.0" encoding="UTF-8"?>
<!DOCTYPE html PUBLIC "-//W3C//DTD XHTML 1.0 Transitional//EN"
    "http://www.w3.org/TR/xhtml1/DTD/xhtml1-transitional.dtd">
<html xmlns="http://www.w3.org/1999/xhtml" xml:lang="en" lang="en">
 <head>
  <title>
</title>
<meta http-equiv="Content-Type" content="text/html;charset=utf-8" />
  <meta name='ocr-system' content='tesseract 3.04.00' />
  <meta name='ocr-capabilities' content='ocr_page ocr_carea ocr_par ocr_line ocrx_word'/>
</head>
<body>
  <div class='ocr_page' id='page_1' title='image "./opusculaacademi01schgoog_0218.png"; bbox 0 0 3092 4964; ppageno 0'>
   <div class='ocr_carea' id='block_1_1' title="bbox 204 1487 1370 1733">
    <p class='ocr_par' dir='ltr' id='par_1_1' title="bbox 204 1487 1370 1733">
     <span class='ocr_line' id='line_1_1' title="bbox 204 1487 1370 1590; baseline 0.005 -6"><span class='ocrx_word' id='word_1_1' title='bbox 204 1487 567 1586; x_wconf 77' lang='lat' dir='ltr'>ousmtlttouus</span> <span class='ocrx_word' id='word_1_2' title='bbox 588 1491 637 1584; x_wconf 85' lang='lat' dir='ltr'>ll</span> <span class='ocrx_word' id='word_1_3' title='bbox 650 1487 961 1587; x_wconf 80' lang='lat' dir='ltr'>&#39;uuorltmsll</span> <span class='ocrx_word' id='word_1_4' title='bbox 975 1490 1295 1590; x_wconf 80' lang='lat' dir='ltr'>olcotulttcutt</span> <span class='ocrx_word' id='word_1_5' title='bbox 1315 1497 1370 1590; x_wconf 81' lang='lat' dir='ltr'>ut</span> 
     </span>
     <span class='ocr_line' id='line_1_2' title="bbox 266 1631 1307 1733; baseline 0.006 -6"><span class='ocrx_word' id='word_1_6' title='bbox 266 1631 513 1730; x_wconf 80' lang='lat' dir='ltr'>Pltttoumss</span> <span class='ocrx_word' id='word_1_7' title='bbox 534 1634 618 1728; x_wconf 83' lang='lat' dir='ltr'>tto.</span> <span class='ocrx_word' id='word_1_8' title='bbox 635 1633 686 1728; x_wconf 86' lang='grc' dir='ltr'>ΙΧ</span> <span class='ocrx_word' id='word_1_9' title='bbox 711 1635 772 1728; x_wconf 83' lang='lat' dir='ltr'>DE</span> <span class='ocrx_word' id='word_1_10' title='bbox 794 1635 1064 1732; x_wconf 73' lang='lat' dir='ltr'>vultureus</span> <span class='ocrx_word' id='word_1_11' title='bbox 1087 1637 1143 1730; x_wconf 81' lang='lat' dir='ltr'>ut</span> <span class='ocrx_word' id='word_1_12' title='bbox 1158 1637 1307 1733; x_wconf 74' lang='lat' dir='ltr'>Vltus</span> 
     </span>
    </p>
   </div>
   <div class='ocr_carea' id='block_1_2' title="bbox 171 1921 1512 3579">
    <p class='ocr_par' dir='ltr' id='par_1_2' title="bbox 171 1921 1375 2439">
     <span class='ocr_line' id='line_1_3' title="bbox 171 1921 1373 2028; baseline -0.002 -18"><span class='ocrx_word' id='word_1_13' title='bbox 171 1959 187 2010; x_wconf 76' lang='lat' dir='ltr'>t</span> <span class='ocrx_word' id='word_1_14' title='bbox 292 1921 361 2007; x_wconf 75' lang='lat' dir='ltr'>Non</span> <span class='ocrx_word' id='word_1_15' title='bbox 380 1941 528 2006; x_wconf 88' lang='lat' dir='ltr'>immerito</span> <span class='ocrx_word' id='word_1_16' title='bbox 544 1945 681 2007; x_wconf 76' lang='lat' dir='ltr'>Socrates</span> <span class='ocrx_word' id='word_1_17' title='bbox 699 1943 778 2024; x_wconf 90' lang='lat' dir='ltr'>apud</span> <span class='ocrx_word' id='word_1_18' title='bbox 793 1942 963 2006; x_wconf 76' lang='lat' dir='ltr'>Ciceronem</span> <span class='ocrx_word' id='word_1_19' title='bbox 977 1946 1006 2022; x_wconf 90' lang='lat'>¹)</span> <span class='ocrx_word' id='word_1_20' title='bbox 1027 1943 1134 2007; x_wconf 89' lang='lat' dir='ltr'>dieitur</span> <span class='ocrx_word' id='word_1_21' title='bbox 1151 1945 1267 2028; x_wconf 90' lang='lat' dir='ltr'>primus</span> <span class='ocrx_word' id='word_1_22' title='bbox 1283 1945 1373 2008; x_wconf 84' lang='lat' dir='ltr'>dero·</span> 
     </span>
     <span class='ocr_line' id='line_1_4' title="bbox 207 2044 1373 2129; baseline 0.002 -21"><span class='ocrx_word' id='word_1_23' title='bbox 207 2065 290 2108; x_wconf 83' lang='lat' dir='ltr'>casse</span> <span class='ocrx_word' id='word_1_24' title='bbox 316 2045 536 2129; x_wconf 79' lang='lat' dir='ltr'>philosophiam</span> <span class='ocrx_word' id='word_1_25' title='bbox 557 2045 593 2109; x_wconf 89' lang='lat' dir='ltr'>de</span> <span class='ocrx_word' id='word_1_26' title='bbox 613 2044 692 2108; x_wconf 86' lang='lat' dir='ltr'>eaelo</span> <span class='ocrx_word' id='word_1_27' title='bbox 719 2055 749 2108; x_wconf 84' lang='lat' dir='ltr'>et</span> <span class='ocrx_word' id='word_1_28' title='bbox 770 2045 800 2109; x_wconf 91' lang='lat' dir='ltr'>iu</span> <span class='ocrx_word' id='word_1_29' title='bbox 820 2045 945 2110; x_wconf 79' lang='lat' dir='ltr'>urbibus</span> <span class='ocrx_word' id='word_1_30' title='bbox 966 2046 1140 2123; x_wconf 85' lang='lat' dir='ltr'>oollooasse,</span> <span class='ocrx_word' id='word_1_31' title='bbox 1166 2056 1196 2111; x_wconf 92' lang='lat' dir='ltr'>et</span> <span class='ocrx_word' id='word_1_32' title='bbox 1214 2047 1245 2111; x_wconf 93' lang='lat' dir='ltr'>in</span> <span class='ocrx_word' id='word_1_33' title='bbox 1264 2048 1373 2112; x_wconf 87' lang='lat' dir='ltr'>domos</span> 
     </span>
     <span class='ocr_line' id='line_1_5' title="bbox 207 2147 1375 2234; baseline 0.004 -25"><span class='ocrx_word' id='word_1_34' title='bbox 207 2169 325 2234; x_wconf 89' lang='lat' dir='ltr'>queque</span> <span class='ocrx_word' id='word_1_35' title='bbox 339 2147 539 2213; x_wconf 64' lang='lat' dir='ltr'>introduxisse</span> <span class='ocrx_word' id='word_1_36' title='bbox 553 2158 582 2212; x_wconf 95' lang='lat' dir='ltr'>et</span> <span class='ocrx_word' id='word_1_37' title='bbox 597 2149 728 2230; x_wconf 72' lang='lat' dir='ltr'>coegisse</span> <span class='ocrx_word' id='word_1_38' title='bbox 747 2150 784 2211; x_wconf 92' lang='lat' dir='ltr'>de</span> <span class='ocrx_word' id='word_1_39' title='bbox 804 2149 860 2213; x_wconf 88' lang='lat' dir='ltr'>rita</span> <span class='ocrx_word' id='word_1_40' title='bbox 882 2159 911 2212; x_wconf 91' lang='lat' dir='ltr'>et</span> <span class='ocrx_word' id='word_1_41' title='bbox 930 2148 1062 2214; x_wconf 85' lang='lat' dir='ltr'>moribus</span> <span class='ocrx_word' id='word_1_42' title='bbox 1078 2149 1225 2234; x_wconf 81' lang='lat' dir='ltr'>rebusque</span> <span class='ocrx_word' id='word_1_43' title='bbox 1239 2150 1327 2214; x_wconf 87' lang='lat' dir='ltr'>bonis</span> <span class='ocrx_word' id='word_1_44' title='bbox 1345 2161 1375 2214; x_wconf 86' lang='lat' dir='ltr'>et</span> 
     </span>
     <span class='ocr_line' id='line_1_6' title="bbox 206 2251 1374 2336; baseline 0.001 -19"><span class='ocrx_word' id='word_1_45' title='bbox 206 2252 292 2318; x_wconf 88' lang='lat' dir='ltr'>malis</span> <span class='ocrx_word' id='word_1_46' title='bbox 308 2271 460 2336; x_wconf 75' lang='lat' dir='ltr'>quaerere.</span> <span class='ocrx_word' id='word_1_47' title='bbox 494 2251 634 2329; x_wconf 80' lang='lat' dir='ltr'>Quemvis</span> <span class='ocrx_word' id='word_1_48' title='bbox 656 2251 736 2316; x_wconf 93' lang='lat' dir='ltr'>enim</span> <span class='ocrx_word' id='word_1_49' title='bbox 751 2251 835 2315; x_wconf 92' lang='lat' dir='ltr'>multi</span> <span class='ocrx_word' id='word_1_50' title='bbox 850 2253 937 2316; x_wconf 87' lang='lat' dir='ltr'>etiam</span> <span class='ocrx_word' id='word_1_51' title='bbox 953 2261 1020 2317; x_wconf 86' lang='lat' dir='ltr'>ante</span> <span class='ocrx_word' id='word_1_52' title='bbox 1035 2253 1189 2318; x_wconf 74' lang='lat' dir='ltr'>Socratem</span> <span class='ocrx_word' id='word_1_53' title='bbox 1206 2256 1374 2320; x_wconf 90' lang='lat' dir='ltr'>enumerari</span> 
     </span>
     <span class='ocr_line' id='line_1_7' title="bbox 207 2357 339 2439; baseline 0.008 -19"><span class='ocrx_word' id='word_1_54' title='bbox 207 2357 339 2439; x_wconf 82' lang='lat' dir='ltr'>possint,</span> 
     </span>
    </p>

    <p class='ocr_par' dir='ltr' id='par_1_3' title="bbox 329 2459 1239 2544">
     <span class='ocr_line' id='line_1_8' title="bbox 329 2459 1239 2544; baseline 0.001 -20"><span class='ocrx_word' id='word_1_55' title='bbox 329 2463 381 2544; x_wconf 87' lang='lat' dir='ltr'>qui</span> <span class='ocrx_word' id='word_1_56' title='bbox 393 2462 463 2544; x_wconf 87' lang='lat' dir='ltr'>qnid</span> <span class='ocrx_word' id='word_1_57' title='bbox 476 2465 514 2526; x_wconf 87' lang='lat' dir='ltr'>rit</span> <span class='ocrx_word' id='word_1_58' title='bbox 523 2459 698 2544; x_wconf 80' lang='lat' dir='ltr'>poledrum,</span> <span class='ocrx_word' id='word_1_59' title='bbox 715 2463 785 2544; x_wconf 85' lang='lat' dir='ltr'>quid</span> <span class='ocrx_word' id='word_1_60' title='bbox 799 2471 892 2543; x_wconf 82' lang='lat' dir='ltr'>turpe,</span> <span class='ocrx_word' id='word_1_61' title='bbox 908 2461 978 2542; x_wconf 82' lang='lat' dir='ltr'>quid</span> <span class='ocrx_word' id='word_1_62' title='bbox 991 2459 1071 2534; x_wconf 82' lang='lat' dir='ltr'>utile,</span> <span class='ocrx_word' id='word_1_63' title='bbox 1086 2462 1157 2544; x_wconf 83' lang='lat' dir='ltr'>qru&#39;d</span> <span class='ocrx_word' id='word_1_64' title='bbox 1170 2480 1239 2534; x_wconf 80' lang='lat' dir='ltr'>reon,</span> 
     </span>
    </p>

    <p class='ocr_par' dir='ltr' id='par_1_4' title="bbox 203 2563 1512 3579">
     <span class='ocr_line' id='line_1_9' title="bbox 207 2563 1512 2649; baseline 0.006 -23"><span class='ocrx_word' id='word_1_65' title='bbox 207 2565 251 2628; x_wconf 87' lang='lat' dir='ltr'>rel</span> <span class='ocrx_word' id='word_1_66' title='bbox 265 2565 431 2649; x_wconf 71' lang='lat' dir='ltr'>praeceptis</span> <span class='ocrx_word' id='word_1_67' title='bbox 446 2563 490 2628; x_wconf 86' lang='lat' dir='ltr'>rel</span> <span class='ocrx_word' id='word_1_68' title='bbox 504 2564 645 2646; x_wconf 79' lang='lat' dir='ltr'>exemplis</span> <span class='ocrx_word' id='word_1_69' title='bbox 659 2563 823 2646; x_wconf 88' lang='lat' dir='ltr'>propositis</span> <span class='ocrx_word' id='word_1_70' title='bbox 838 2563 1005 2638; x_wconf 78' lang='lat' dir='ltr'>docuerint,</span> <span class='ocrx_word' id='word_1_71' title='bbox 1018 2563 1108 2646; x_wconf 86' lang='lat' dir='ltr'>idque</span> <span class='ocrx_word' id='word_1_72' title='bbox 1122 2563 1286 2629; x_wconf 90' lang='lat' dir='ltr'>llomerum</span> <span class='ocrx_word' id='word_1_73' title='bbox 1301 2567 1374 2632; x_wconf 87' lang='lat' dir='ltr'>adeo</span> <span class='ocrx_word' id='word_1_74' title='bbox 1510 2631 1512 2634; x_wconf 84' lang='lat'>.</span> 
     </span>
     <span class='ocr_line' id='line_1_10' title="bbox 203 2666 1510 2753; baseline 0.001 -22"><span class='ocrx_word' id='word_1_75' title='bbox 203 2669 325 2752; x_wconf 79' lang='lat' dir='ltr'>plonrier</span> <span class='ocrx_word' id='word_1_76' title='bbox 348 2687 384 2732; x_wconf 84' lang='lat' dir='ltr'>ee</span> <span class='ocrx_word' id='word_1_77' title='bbox 404 2668 508 2732; x_wconf 82' lang='lat' dir='ltr'>melius</span> <span class='ocrx_word' id='word_1_78' title='bbox 528 2667 690 2750; x_wconf 72' lang='lat' dir='ltr'>ctrystppe</span> <span class='ocrx_word' id='word_1_79' title='bbox 714 2666 904 2732; x_wconf 73' lang='lat' dir='ltr'>recreatore</span> <span class='ocrx_word' id='word_1_80' title='bbox 927 2667 1032 2731; x_wconf 83' lang='lat' dir='ltr'>iecisse</span> <span class='ocrx_word' id='word_1_81' title='bbox 1050 2667 1190 2732; x_wconf 84' lang='lat' dir='ltr'>Horatius</span> <span class='ocrx_word' id='word_1_82' title='bbox 1216 2669 1376 2753; x_wconf 54' lang='lat' dir='ltr'>indidem),</span> <span class='ocrx_word' id='word_1_83' title='bbox 1507 2695 1510 2702; x_wconf 88' lang='lat'>·</span> 
     </span>
     <span class='ocr_line' id='line_1_11' title="bbox 208 2771 1375 2854; baseline 0 -20"><span class='ocrx_word' id='word_1_84' title='bbox 208 2783 304 2836; x_wconf 81' lang='lat' dir='ltr'>tanren</span> <span class='ocrx_word' id='word_1_85' title='bbox 316 2773 366 2854; x_wconf 92' lang='lat' dir='ltr'>qui</span> <span class='ocrx_word' id='word_1_86' title='bbox 382 2773 564 2837; x_wconf 78' lang='lat' dir='ltr'>subtiliorem</span> <span class='ocrx_word' id='word_1_87' title='bbox 580 2771 706 2836; x_wconf 88' lang='lat' dir='ltr'>docendi</span> <span class='ocrx_word' id='word_1_88' title='bbox 723 2771 868 2836; x_wconf 89' lang='lat' dir='ltr'>rationem</span> <span class='ocrx_word' id='word_1_89' title='bbox 880 2782 1032 2852; x_wconf 83' lang='lat' dir='ltr'>artemque</span> <span class='ocrx_word' id='word_1_90' title='bbox 1043 2771 1206 2835; x_wconf 89' lang='lat' dir='ltr'>disserendi</span> <span class='ocrx_word' id='word_1_91' title='bbox 1222 2771 1269 2836; x_wconf 85' lang='lat' dir='ltr'>iris</span> <span class='ocrx_word' id='word_1_92' title='bbox 1284 2773 1375 2836; x_wconf 82' lang='lat' dir='ltr'>rebus</span> 
     </span>
     <span class='ocr_line' id='line_1_12' title="bbox 206 2873 1375 2957; baseline -0.001 -19"><span class='ocrx_word' id='word_1_93' title='bbox 206 2876 370 2940; x_wconf 83' lang='lat' dir='ltr'>adtribuerit</span> <span class='ocrx_word' id='word_1_94' title='bbox 384 2896 401 2939; x_wconf 89' lang='lat' dir='ltr'>e</span> <span class='ocrx_word' id='word_1_95' title='bbox 416 2876 564 2940; x_wconf 81' lang='lat' dir='ltr'>veteribus</span> <span class='ocrx_word' id='word_1_96' title='bbox 577 2875 632 2939; x_wconf 91' lang='lat' dir='ltr'>illis</span> <span class='ocrx_word' id='word_1_97' title='bbox 646 2874 691 2937; x_wconf 80' lang='lat' dir='ltr'>rin</span> <span class='ocrx_word' id='word_1_98' title='bbox 703 2893 882 2956; x_wconf 87' lang='lat' dir='ltr'>quemqnam</span> <span class='ocrx_word' id='word_1_99' title='bbox 898 2873 1072 2938; x_wconf 84' lang='lat' dir='ltr'>invenimus.</span> <span class='ocrx_word' id='word_1_100' title='bbox 1095 2873 1168 2938; x_wconf 86' lang='lat' dir='ltr'>Nam</span> <span class='ocrx_word' id='word_1_101' title='bbox 1182 2893 1220 2938; x_wconf 86' lang='lat' dir='ltr'>ne</span> <span class='ocrx_word' id='word_1_102' title='bbox 1231 2876 1267 2939; x_wconf 90' lang='lat' dir='ltr'>de</span> <span class='ocrx_word' id='word_1_103' title='bbox 1278 2875 1375 2957; x_wconf 89' lang='lat' dir='ltr'>poetis</span> 
     </span>
     <span class='ocr_line' id='line_1_13' title="bbox 207 2975 1378 3062; baseline 0 -20"><span class='ocrx_word' id='word_1_104' title='bbox 207 2978 312 3062; x_wconf 89' lang='lat' dir='ltr'>loquar</span> <span class='ocrx_word' id='word_1_105' title='bbox 330 2979 437 3060; x_wconf 92' lang='lat' dir='ltr'>illoque</span> <span class='ocrx_word' id='word_1_106' title='bbox 456 2997 560 3060; x_wconf 75' lang='lat' dir='ltr'>genere</span> <span class='ocrx_word' id='word_1_107' title='bbox 582 2987 822 3060; x_wconf 85' lang='lat' dir='ltr'>praeceptorum,</span> <span class='ocrx_word' id='word_1_108' title='bbox 848 2976 927 3057; x_wconf 91' lang='lat' dir='ltr'>quod</span> <span class='ocrx_word' id='word_1_109' title='bbox 958 2996 1013 3059; x_wconf 89' lang='lat' dir='ltr'>per</span> <span class='ocrx_word' id='word_1_110' title='bbox 1031 2975 1153 3040; x_wconf 82' lang='lat' dir='ltr'>Hesiodi</span> <span class='ocrx_word' id='word_1_111' title='bbox 1181 2977 1328 3060; x_wconf 85' lang='lat' dir='ltr'>imprimis</span> <span class='ocrx_word' id='word_1_112' title='bbox 1348 2989 1378 3042; x_wconf 90' lang='lat' dir='ltr'>et</span> 
     </span>
     <span class='ocr_line' id='line_1_14' title="bbox 208 3075 1378 3165; baseline -0.003 -19"><span class='ocrx_word' id='word_1_113' title='bbox 208 3082 416 3164; x_wconf 79' lang='lat' dir='ltr'>gnomieorum</span> <span class='ocrx_word' id='word_1_114' title='bbox 438 3081 567 3146; x_wconf 88' lang='lat' dir='ltr'>earmina</span> <span class='ocrx_word' id='word_1_115' title='bbox 589 3099 728 3165; x_wconf 88' lang='lat' dir='ltr'>sparsum</span> <span class='ocrx_word' id='word_1_116' title='bbox 752 3089 811 3154; x_wconf 85' lang='lat' dir='ltr'>est,</span> <span class='ocrx_word' id='word_1_117' title='bbox 830 3080 916 3143; x_wconf 88' lang='lat' dir='ltr'>etiam</span> <span class='ocrx_word' id='word_1_118' title='bbox 938 3091 1050 3162; x_wconf 86' lang='lat' dir='ltr'>septem</span> <span class='ocrx_word' id='word_1_119' title='bbox 1074 3079 1140 3144; x_wconf 94' lang='lat' dir='ltr'>illos</span> <span class='ocrx_word' id='word_1_120' title='bbox 1164 3081 1215 3163; x_wconf 91' lang='lat' dir='ltr'>qni</span> <span class='ocrx_word' id='word_1_121' title='bbox 1240 3075 1378 3146; x_wconf 82' lang='lat' dir='ltr'>dicuntur</span> 
     </span>
     <span class='ocr_line' id='line_1_15' title="bbox 208 3182 1377 3268; baseline 0.001 -20"><span class='ocrx_word' id='word_1_122' title='bbox 208 3185 356 3268; x_wconf 87' lang='lat' dir='ltr'>sapientes</span> <span class='ocrx_word' id='word_1_123' title='bbox 371 3204 433 3248; x_wconf 89' lang='lat' dir='ltr'>nou</span> <span class='ocrx_word' id='word_1_124' title='bbox 450 3195 507 3248; x_wconf 89' lang='lat' dir='ltr'>tam</span> <span class='ocrx_word' id='word_1_125' title='bbox 523 3184 721 3267; x_wconf 83' lang='lat' dir='ltr'>philosophos</span> <span class='ocrx_word' id='word_1_126' title='bbox 737 3202 824 3266; x_wconf 76' lang='lat' dir='ltr'>equam</span> <span class='ocrx_word' id='word_1_127' title='bbox 840 3182 919 3246; x_wconf 81' lang='lat' dir='ltr'>uiros</span> <span class='ocrx_word' id='word_1_128' title='bbox 935 3183 1096 3265; x_wconf 89' lang='lat' dir='ltr'>prudentes</span> <span class='ocrx_word' id='word_1_129' title='bbox 1117 3184 1208 3248; x_wconf 88' lang='lat' dir='ltr'>luisse</span> <span class='ocrx_word' id='word_1_130' title='bbox 1228 3185 1377 3268; x_wconf 82' lang='lat' dir='ltr'>comperi·</span> 
     </span>
     <span class='ocr_line' id='line_1_16' title="bbox 209 3284 1377 3372; baseline -0.001 -18"><span class='ocrx_word' id='word_1_131' title='bbox 209 3309 288 3366; x_wconf 88' lang='lat' dir='ltr'>mus,</span> <span class='ocrx_word' id='word_1_132' title='bbox 300 3287 352 3372; x_wconf 90' lang='lat' dir='ltr'>qui</span> <span class='ocrx_word' id='word_1_133' title='bbox 364 3289 475 3371; x_wconf 87' lang='lat' dir='ltr'>absque</span> <span class='ocrx_word' id='word_1_134' title='bbox 486 3287 631 3351; x_wconf 86' lang='lat' dir='ltr'>subtiliori</span> <span class='ocrx_word' id='word_1_135' title='bbox 643 3296 705 3351; x_wconf 86' lang='lat' dir='ltr'>arte</span> <span class='ocrx_word' id='word_1_136' title='bbox 716 3307 751 3352; x_wconf 87' lang='lat' dir='ltr'>ao</span> <span class='ocrx_word' id='word_1_137' title='bbox 762 3284 913 3370; x_wconf 88' lang='lat' dir='ltr'>disciplina</span> <span class='ocrx_word' id='word_1_138' title='bbox 925 3285 1051 3349; x_wconf 81' lang='lat' dir='ltr'>breviter</span> <span class='ocrx_word' id='word_1_139' title='bbox 1062 3305 1098 3350; x_wconf 87' lang='lat' dir='ltr'>ae</span> <span class='ocrx_word' id='word_1_140' title='bbox 1107 3286 1279 3371; x_wconf 80' lang='lat' dir='ltr'>simpliciter</span> <span class='ocrx_word' id='word_1_141' title='bbox 1290 3308 1377 3372; x_wconf 85' lang='lat' dir='ltr'>prae·</span> 
     </span>
     <span class='ocr_line' id='line_1_17' title="bbox 209 3388 1378 3478; baseline -0.001 -21"><span class='ocrx_word' id='word_1_142' title='bbox 209 3393 350 3478; x_wconf 81' lang='lat' dir='ltr'>oeperint,</span> <span class='ocrx_word' id='word_1_143' title='bbox 366 3411 440 3475; x_wconf 85' lang='lat' dir='ltr'>qnae</span> <span class='ocrx_word' id='word_1_144' title='bbox 455 3391 604 3474; x_wconf 79' lang='lat' dir='ltr'>multiplex</span> <span class='ocrx_word' id='word_1_145' title='bbox 620 3409 718 3454; x_wconf 84' lang='lat' dir='ltr'>rerum</span> <span class='ocrx_word' id='word_1_146' title='bbox 735 3409 807 3453; x_wconf 86' lang='lat' dir='ltr'>usus</span> <span class='ocrx_word' id='word_1_147' title='bbox 818 3400 847 3452; x_wconf 85' lang='lat' dir='ltr'>et</span> <span class='ocrx_word' id='word_1_148' title='bbox 859 3388 1035 3470; x_wconf 80' lang='lat' dir='ltr'>experientia</span> <span class='ocrx_word' id='word_1_149' title='bbox 1051 3409 1112 3453; x_wconf 93' lang='lat' dir='ltr'>nen</span> <span class='ocrx_word' id='word_1_150' title='bbox 1128 3392 1254 3473; x_wconf 80' lang='lat' dir='ltr'>vulgaris</span> <span class='ocrx_word' id='word_1_151' title='bbox 1266 3411 1378 3475; x_wconf 89' lang='lat' dir='ltr'>suppe-</span> 
     </span>
     <span class='ocr_line' id='line_1_18' title="bbox 209 3491 1376 3579; baseline -0.003 -17"><span class='ocrx_word' id='word_1_152' title='bbox 209 3497 333 3563; x_wconf 86' lang='lat' dir='ltr'>ditasset</span> <span class='ocrx_word' id='word_1_153' title='bbox 343 3499 386 3575; x_wconf 80' lang='lat'>³):</span> <span class='ocrx_word' id='word_1_154' title='bbox 401 3517 476 3579; x_wconf 88' lang='lat' dir='ltr'>qnae</span> <span class='ocrx_word' id='word_1_155' title='bbox 486 3503 582 3559; x_wconf 74' lang='lat' dir='ltr'>auum</span> <span class='ocrx_word' id='word_1_156' title='bbox 595 3495 775 3576; x_wconf 74' lang='lat' dir='ltr'>l‘ptlraqoras</span> <span class='ocrx_word' id='word_1_157' title='bbox 786 3492 907 3575; x_wconf 82' lang='lat' dir='ltr'>eiusque</span> <span class='ocrx_word' id='word_1_158' title='bbox 918 3491 1054 3574; x_wconf 85' lang='lat' dir='ltr'>disciptdi</span> <span class='ocrx_word' id='word_1_159' title='bbox 1064 3497 1106 3572; x_wconf 76' lang='lat'>⁴),</span> <span class='ocrx_word' id='word_1_160' title='bbox 1121 3504 1171 3559; x_wconf 87' lang='lat' dir='ltr'>aut</span> <span class='ocrx_word' id='word_1_161' title='bbox 1182 3494 1376 3560; x_wconf 81' lang='lat' dir='ltr'>lileetieontm</span> 
     </span>
    </p>
   </div>
   <div class='ocr_carea' id='block_1_3' title="bbox 210 3697 1379 4456">
    <p class='ocr_par' dir='ltr' id='par_1_5' title="bbox 280 3697 882 3768">
     <span class='ocr_line' id='line_1_19' title="bbox 280 3697 882 3768; baseline -0.012 -12"><span class='ocrx_word' id='word_1_162' title='bbox 280 3705 304 3768; x_wconf 83' lang='lat' dir='ltr'>l)</span> <span class='ocrx_word' id='word_1_163' title='bbox 322 3701 461 3755; x_wconf 74' lang='lat' dir='ltr'>Teresian.</span> <span class='ocrx_word' id='word_1_164' title='bbox 472 3697 505 3766; x_wconf 80' lang='lat' dir='ltr'>V,</span> <span class='ocrx_word' id='word_1_165' title='bbox 518 3699 542 3751; x_wconf 90' lang='grc'>4.</span> <span class='ocrx_word' id='word_1_166' title='bbox 567 3698 605 3751; x_wconf 84' lang='lat' dir='ltr'>Cl.</span> <span class='ocrx_word' id='word_1_167' title='bbox 618 3698 696 3751; x_wconf 75' lang='lat' dir='ltr'>dead.</span> <span class='ocrx_word' id='word_1_168' title='bbox 710 3705 806 3767; x_wconf 83' lang='lat' dir='ltr'>poster.</span> <span class='ocrx_word' id='word_1_169' title='bbox 822 3697 844 3762; x_wconf 89' lang='lat' dir='ltr'>l,</span> <span class='ocrx_word' id='word_1_170' title='bbox 857 3697 882 3749; x_wconf 94' lang='grc'>4.</span> 
     </span>
    </p>

    <p class='ocr_par' dir='ltr' id='par_1_6' title="bbox 278 3785 586 3858">
     <span class='ocr_line' id='line_1_20' title="bbox 278 3785 586 3858; baseline -0.026 -15"><span class='ocrx_word' id='word_1_171' title='bbox 278 3791 305 3854; x_wconf 82' lang='grc'>2)</span> <span class='ocrx_word' id='word_1_172' title='bbox 325 3787 407 3858; x_wconf 79' lang='lat' dir='ltr'>Epist.</span> <span class='ocrx_word' id='word_1_173' title='bbox 422 3785 548 3854; x_wconf 57' lang='lat' dir='ltr'>tant.</span> <span class='ocrx_word' id='word_1_174' title='bbox 562 3785 586 3836; x_wconf 89' lang='grc'>4.</span> 
     </span>
    </p>

    <p class='ocr_par' dir='ltr' id='par_1_7' title="bbox 210 3861 1379 4374">
     <span class='ocr_line' id='line_1_21' title="bbox 278 3861 1378 3944; baseline -0.003 -18"><span class='ocrx_word' id='word_1_175' title='bbox 278 3876 304 3940; x_wconf 81' lang='lat' dir='ltr'>a)</span> <span class='ocrx_word' id='word_1_176' title='bbox 325 3867 495 3944; x_wconf 71' lang='lat' dir='ltr'>Aurupridor</span> <span class='ocrx_word' id='word_1_177' title='bbox 509 3863 545 3924; x_wconf 78' lang='lat' dir='ltr'>eir</span> <span class='ocrx_word' id='word_1_178' title='bbox 556 3885 598 3930; x_wconf 78' lang='lat' dir='ltr'>rec</span> <span class='ocrx_word' id='word_1_179' title='bbox 609 3862 700 3924; x_wconf 68' lang='grc' dir='ltr'><em>αὐτῶν</em></span> <span class='ocrx_word' id='word_1_180' title='bbox 712 3865 762 3938; x_wconf 76' lang='lat' dir='ltr'>ripr</span> <span class='ocrx_word' id='word_1_181' title='bbox 774 3871 883 3940; x_wconf 72' lang='grc' dir='ltr'><strong><em>σοφίαν</em></strong></span> <span class='ocrx_word' id='word_1_182' title='bbox 894 3861 1025 3936; x_wconf 75' lang='grc' dir='ltr'>τοιαύτην</span> <span class='ocrx_word' id='word_1_183' title='bbox 1037 3861 1137 3936; x_wconf 75' lang='grc' dir='ltr'><em>οὖσαν,</em></span> <span class='ocrx_word' id='word_1_184' title='bbox 1149 3865 1261 3943; x_wconf 73' lang='grc' dir='ltr'><em>ῥήματα</em></span> <span class='ocrx_word' id='word_1_185' title='bbox 1271 3869 1378 3942; x_wconf 67' lang='grc' dir='ltr'>βραχέα</span> 
     </span>
     <span class='ocr_line' id='line_1_22' title="bbox 210 3953 1377 4032; baseline -0.007 -18"><span class='ocrx_word' id='word_1_186' title='bbox 210 3955 454 4032; x_wconf 74' lang='grc' dir='ltr'><strong><em>ἀξιομνημόνευτα</em></strong></span> <span class='ocrx_word' id='word_1_187' title='bbox 464 3953 576 4028; x_wconf 74' lang='lat' dir='ltr'>teriorp</span> <span class='ocrx_word' id='word_1_188' title='bbox 589 3957 732 4029; x_wconf 74' lang='lat' dir='ltr'>elpqprtru.</span> <span class='ocrx_word' id='word_1_189' title='bbox 759 3955 826 4009; x_wconf 69' lang='lat' dir='ltr'>utne</span> <span class='ocrx_word' id='word_1_190' title='bbox 839 3954 942 4020; x_wconf 66' lang='lat' dir='ltr'>Proles.</span> <span class='ocrx_word' id='word_1_191' title='bbox 951 3971 976 4024; x_wconf 84' lang='lat' dir='ltr'>p.</span> <span class='ocrx_word' id='word_1_192' title='bbox 990 3953 1040 4008; x_wconf 75' lang='lat'>³4³</span> <span class='ocrx_word' id='word_1_193' title='bbox 1054 3955 1080 4008; x_wconf 83' lang='lat' dir='ltr'>u.</span> <span class='ocrx_word' id='word_1_194' title='bbox 1110 3955 1377 4025; x_wconf 75' lang='lat' dir='ltr'>Exiisqueatldo-</span> 
     </span>
     <span class='ocr_line' id='line_1_23' title="bbox 211 4040 1378 4113; baseline -0.004 -14"><span class='ocrx_word' id='word_1_195' title='bbox 211 4046 339 4099; x_wconf 76' lang='lat' dir='ltr'>nestieatn</span> <span class='ocrx_word' id='word_1_196' title='bbox 355 4044 595 4098; x_wconf 74' lang='lat' dir='ltr'>administrationem</span> <span class='ocrx_word' id='word_1_197' title='bbox 612 4043 742 4113; x_wconf 78' lang='lat' dir='ltr'>pertineat</span> <span class='ocrx_word' id='word_1_198' title='bbox 752 4041 904 4094; x_wconf 82' lang='lat' dir='ltr'>Plutsrelms</span> <span class='ocrx_word' id='word_1_199' title='bbox 920 4041 1052 4110; x_wconf 80' lang='lat' dir='ltr'>preposuit</span> <span class='ocrx_word' id='word_1_200' title='bbox 1063 4040 1133 4110; x_wconf 72' lang='lat' dir='ltr'>Sept,</span> <span class='ocrx_word' id='word_1_201' title='bbox 1146 4041 1206 4111; x_wconf 79' lang='lat' dir='ltr'>Sep.</span> <span class='ocrx_word' id='word_1_202' title='bbox 1222 4058 1296 4094; x_wconf 84' lang='lat' dir='ltr'>esur.</span> <span class='ocrx_word' id='word_1_203' title='bbox 1308 4057 1331 4094; x_wconf 88' lang='lat' dir='ltr'>e.</span> <span class='ocrx_word' id='word_1_204' title='bbox 1347 4041 1378 4094; x_wconf 83' lang='lat'>12</span> 
     </span>
     <span class='ocr_line' id='line_1_24' title="bbox 212 4124 1378 4200; baseline -0.005 -16"><span class='ocrx_word' id='word_1_205' title='bbox 212 4139 240 4184; x_wconf 87' lang='lat' dir='ltr'>et</span> <span class='ocrx_word' id='word_1_206' title='bbox 256 4131 313 4184; x_wconf 73' lang='lat' dir='ltr'>hine</span> <span class='ocrx_word' id='word_1_207' title='bbox 330 4131 458 4200; x_wconf 77' lang='lat' dir='ltr'>desumpta</span> <span class='ocrx_word' id='word_1_208' title='bbox 476 4129 601 4184; x_wconf 68' lang='lat' dir='ltr'>soloen·</span> <span class='ocrx_word' id='word_1_209' title='bbox 614 4129 684 4182; x_wconf 73' lang='lat' dir='ltr'>Flos.</span> <span class='ocrx_word' id='word_1_210' title='bbox 697 4127 737 4196; x_wconf 77' lang='lat'>85,</span> <span class='ocrx_word' id='word_1_211' title='bbox 753 4127 783 4180; x_wconf 86' lang='grc'>14</span> <span class='ocrx_word' id='word_1_212' title='bbox 796 4135 857 4180; x_wconf 83' lang='lat' dir='ltr'>tan.</span> <span class='ocrx_word' id='word_1_213' title='bbox 869 4124 903 4179; x_wconf 94' lang='lat' dir='ltr'>lll</span> <span class='ocrx_word' id='word_1_214' title='bbox 915 4143 940 4196; x_wconf 82' lang='lat' dir='ltr'>p.</span> <span class='ocrx_word' id='word_1_215' title='bbox 954 4125 1003 4178; x_wconf 81' lang='lat' dir='ltr'>tto</span> <span class='ocrx_word' id='word_1_216' title='bbox 1015 4125 1096 4180; x_wconf 81' lang='lat' dir='ltr'>Galat.</span> <span class='ocrx_word' id='word_1_217' title='bbox 1115 4126 1244 4182; x_wconf 63' lang='lat' dir='ltr'>(milonem</span> <span class='ocrx_word' id='word_1_218' title='bbox 1256 4127 1378 4198; x_wconf 74' lang='lat' dir='ltr'>inprimis</span> 
     </span>
     <span class='ocr_line' id='line_1_25' title="bbox 213 4209 1379 4285; baseline -0.005 -16"><span class='ocrx_word' id='word_1_219' title='bbox 213 4215 287 4282; x_wconf 63' lang='lat' dir='ltr'>iliae.</span> <span class='ocrx_word' id='word_1_220' title='bbox 298 4215 385 4269; x_wconf 74' lang='lat' dir='ltr'>hert.</span> <span class='ocrx_word' id='word_1_221' title='bbox 400 4223 460 4269; x_wconf 75' lang='lat' dir='ltr'>tou.</span> <span class='ocrx_word' id='word_1_222' title='bbox 477 4215 486 4268; x_wconf 96' lang='grc'>1</span> <span class='ocrx_word' id='word_1_223' title='bbox 502 4231 527 4284; x_wconf 81' lang='lat' dir='ltr'>p.</span> <span class='ocrx_word' id='word_1_224' title='bbox 539 4215 573 4268; x_wconf 83' lang='lat' dir='ltr'>to</span> <span class='ocrx_word' id='word_1_225' title='bbox 590 4215 686 4268; x_wconf 76' lang='lat' dir='ltr'>llaelrn</span> <span class='ocrx_word' id='word_1_226' title='bbox 706 4213 868 4283; x_wconf 80' lang='lat' dir='ltr'>praeeepisse</span> <span class='ocrx_word' id='word_1_227' title='bbox 888 4219 1021 4267; x_wconf 71' lang='lat' dir='ltr'>are-arete</span> <span class='ocrx_word' id='word_1_228' title='bbox 1041 4209 1203 4285; x_wconf 73' lang='lat' dir='ltr'>pertritum</span> <span class='ocrx_word' id='word_1_229' title='bbox 1222 4213 1272 4283; x_wconf 74' lang='lat' dir='ltr'>aris</span> <span class='ocrx_word' id='word_1_230' title='bbox 1291 4209 1379 4267; x_wconf 74' lang='lat' dir='ltr'>adseri</span> 
     </span>
     <span class='ocr_line' id='line_1_26' title="bbox 215 4301 600 4374; baseline -0.008 -18"><span class='ocrx_word' id='word_1_231' title='bbox 215 4301 308 4362; x_wconf 75' lang='lat' dir='ltr'>elatee</span> <span class='ocrx_word' id='word_1_232' title='bbox 318 4301 409 4361; x_wconf 70' lang='grc' dir='ltr'><strong><em>καλᾶς</em></strong></span> <span class='ocrx_word' id='word_1_233' title='bbox 421 4303 600 4374; x_wconf 73' lang='grc' dir='ltr'>προστατεῖν.</span> 
     </span>
    </p>

    <p class='ocr_par' dir='ltr' id='par_1_8' title="bbox 282 4385 1379 4456">
     <span class='ocr_line' id='line_1_27' title="bbox 282 4385 1379 4456; baseline -0.002 -16"><span class='ocrx_word' id='word_1_234' title='bbox 282 4387 309 4447; x_wconf 79' lang='lat' dir='ltr'>o</span> <span class='ocrx_word' id='word_1_235' title='bbox 327 4385 364 4440; x_wconf 82' lang='lat' dir='ltr'>ue</span> <span class='ocrx_word' id='word_1_236' title='bbox 372 4393 486 4440; x_wconf 79' lang='lat' dir='ltr'>veteram</span> <span class='ocrx_word' id='word_1_237' title='bbox 495 4385 711 4455; x_wconf 61' lang='lat' dir='ltr'>Posingae-eoram</span> <span class='ocrx_word' id='word_1_238' title='bbox 720 4386 852 4456; x_wconf 76' lang='lat' dir='ltr'>diseiplin</span> <span class='ocrx_word' id='word_1_239' title='bbox 864 4386 955 4454; x_wconf 72' lang='lat' dir='ltr'>otiien,</span> <span class='ocrx_word' id='word_1_240' title='bbox 966 4385 1088 4456; x_wconf 76' lang='lat' dir='ltr'>inprinis</span> <span class='ocrx_word' id='word_1_241' title='bbox 1098 4385 1210 4456; x_wconf 76' lang='lat' dir='ltr'>pollues,</span> <span class='ocrx_word' id='word_1_242' title='bbox 1221 4392 1325 4454; x_wconf 80' lang='lat' dir='ltr'>praeter</span> <span class='ocrx_word' id='word_1_243' title='bbox 1333 4401 1379 4438; x_wconf 82' lang='lat' dir='ltr'>eor</span> 
     </span>
    </p>
   </div>
   <div class='ocr_carea' id='block_1_4' title="bbox 0 0 1566 4964">
    <p class='ocr_par' dir='ltr' id='par_1_9' title="bbox 0 0 1566 4964">
     <span class='ocr_line' id='line_1_28' title="bbox 0 0 1566 4964; baseline 0 0"><span class='ocrx_word' id='word_1_244' title='bbox 0 0 1566 4964; x_wconf 95' lang='lat' dir='ltr'> </span> 
     </span>
    </p>
   </div>
  </div>
 </body>
</html>
