3106 4958
754 389 797 460 38

192 591 363 666 argumenta
386 599 478 644 unum
498 598 617 645 cannen
636 579 821 664 suppedidet.
855 583 1005 658 Quaenam
1025 589 1126 644 essent
1144 598 1179 643 ex
1197 579 1285 642 ihade
1310 587 1360 642 aut

195 687 324 768 Odyssea
341 685 509 760 asomum
524 685 639 760 ductae,
654 684 825 748 Aristoteles
840 684 968 748 indicare
981 684 1122 766 neglexit:
1142 703 1177 746 ex
1192 681 1360 764 interpreti·
1472 707 1476 714 ·

194 789 247 850 hos
267 797 368 851 autem
392 788 555 852 Aristotelis
573 807 669 860 unus,
689 790 739 870 qui
754 787 810 850 sihi
826 788 1001 854 intellexisse
1015 789 1175 859 uideretur,
1192 804 1255 849 non
1269 804 1359 849 unam

191 901 238 954 aut
253 891 346 962 duas,
366 893 417 954 sed
440 893 526 973 iorrgo
542 893 642 976 phues
661 914 695 956 ex
716 905 842 979 utroquo
858 897 987 959 earmiue
1005 891 1169 972 tragoedias
1189 890 1361 970 desumptas

191 1013 264 1064 esse„
279 1005 438 1075 prepterea
454 1005 547 1058 totum
564 997 645 1060 lrunc
658 998 756 1062 hierem
768 1019 829 1062 non
841 1001 877 1061 ah
893 1000 960 1081 ipso
972 996 1134 1068 heisteteie,
1148 994 1201 1054 sed
1213 992 1249 1056 ab
1260 991 1360 1073 inepto

194 1097 336 1180 qraerpriam
363 1098 573 1180 interpolatore
600 1101 744 1182 seriptum
771 1123 836 1165 esso
861 1101 1022 1166 oorrteudit.
1067 1098 1242 1170 ,.hirritae“
1268 1095 1363 1178 iuquit

193 1211 249 1274 „et
265 1201 346 1283 peti
362 1215 517 1284 possunt
531 1214 565 1265 et
577 1207 712 1288 potitae
724 1215 813 1270 suut
828 1225 866 1268 eu
883 1207 992 1270 Niade
1007 1203 1208 1284 etitdyssea
1225 1211 1361 1280 tragoe-

194 1305 290 1378 diae,
305 1307 403 1370 rerhi
420 1327 528 1372 eausa
545 1311 709 1393 ,tesehpii
726 1311 982 1393 Myrmidones,
1002 1305 1187 1382 Nereides,
1206 1299 1363 1388 Phryges

195 1403 394 1495 (Ἕκτορος
415 1405 568 1497 disput.
584 1413 689 1478 etiam
709 1407 963 1497 tur-pomoerio
984 1419 1211 1496 (eprtnruqtmm
1232 1429 1362 1492 perso-

195 1534 320 1580 narum
336 1517 482 1580 eroariua
498 1529 531 1581 et
546 1520 617 1580 iata
633 1539 672 1580 or
688 1520 827 1584 dretiui
843 1518 972 1584 Nitesii
989 1513 1201 1597 dethiopido
1222 1523 1363 1596 sumpta

195 1623 334 1692 oranti,
350 1621 592 1702 Pspehagogi.
614 1621 813 1706 Penelopa,
838 1621 1037 1706 Sophoclis
1059 1621 1228 1701 Chryses,
1250 1619 1363 1700 eury-

195 1743 272 1802 pes,
288 1725 489 1804 Thannuris.
504 1724 615 1804 Tyro,
628 1725 822 1806 Sisyphus.
834 1727 1006 1790 Nausicaa
1020 1721 1222 1804 (satyrica),
1234 1723 1363 1785 Phaea-

153 1840 180 1890 tu
202 1845 263 1886 ees
279 1825 657 1907 (sarracenorumque
672 1829 896 1906 aliorrrrrr.‘)“
926 1826 1072 1890 Nimirum
1089 1823 1219 1886 ostendit
1233 1823 1277 1887 eir
1290 1824 1364 1884 ‹toe-

204 1927 350 1998 tissimus,
364 1947 398 1986 se
412 1945 467 1989 nee
481 1927 645 1990 dristoteiis
659 1931 835 1994 seutentiam
851 1931 922 1992 satis
943 1927 1146 2011 perspexisse,
1165 1945 1220 1988 nee
1234 1927 1271 1988 do
1290 1925 1364 2006 ipsis

200 2029 254 2090 ihis
275 2029 446 2108 tragerediis,
466 2049 590 2110 quarum
611 2031 730 2094 aroerriua
747 2032 910 2111 erinpessit.
926 2042 1003 2093 reete
1019 2029 1155 2092 iudieare.
1185 2027 1259 2090 Nam
1275 2036 1309 2090 ut
1329 2026 1366 2089 ab

200 2151 233 2192 ea
255 2131 408 2212 incipiam,
435 2131 464 2192 io
485 2151 542 2212 epm
564 2131 628 2214 ipse
655 2135 800 2216 sperandam
821 2133 930 2196 erroris
949 2131 1232 2196 sui'conseientiam
1256 2129 1366 2210 prodit,

200 2233 332 2315 hesehpii
348 2233 583 2314 Psychostasiam
599 2244 716 2298 constat
731 2245 873 2300 versatam
888 2255 955 2297 esse
969 2235 999 2297 iu
1015 2235 1182 2297 Nemuonis
1197 2234 1266 2304 iate,
1282 2231 1366 2294 cuius

203 2337 311 2399 iahuiae
330 2337 408 2417 apem
431 2337 590 2400 {ternorum
614 2338 691 2402 arrha
712 2359 838 2421 prorsus
859 2339 969 2400 mentio
992 2340 1036 2413 tu,
1062 2339 1114 2399 sod
1138 2336 1282 2399 recineret
1300 2356 1365 2398 eam

204 2441 340 2502 hretiuus
355 2439 386 2501 in
401 2439 583 2522 hethiopide.
615 2442 715 2522 itaque
729 2451 934 2523 argumentum
951 2441 1115 2520 tragoediae
1126 2459 1196 2504 suae
1208 2438 1367 2520 Aeschylus

203 2563 237 2606 ex
254 2543 384 2605 Nonrero
406 2552 502 2623 potem
522 2544 601 2606 netto
621 2544 712 2606 modo
734 2544 841 2626 puduit:
868 2543 936 2606 ihud
958 2561 1050 2606 unum
1072 2542 1257 2607 transtulisse
1276 2562 1311 2605 ex
1331 2561 1366 2604 en

203 2647 322 2722 dieitur,
343 2646 438 2727 quoad,
466 2664 556 2726 ouum
579 2647 725 2710 Numerus
745 2647 843 2709 iorem
875 2641 979 2732 κῆρας
998 2645 1117 2708 heluidis
1138 2655 1167 2708 et
1181 2645 1316 2709 Nestoris
1337 2647 1367 2709 in

204 2750 310 2812 tmtina
330 2749 558 2831 suspendentem
579 2752 681 2831 tingat,
705 2750 769 2833 ipse
789 2768 856 2813 eum
881 2749 996 2812 animas
1017 2748 1135 2811 heiriliis
1154 2758 1184 2811 et
1201 2749 1367 2812 Memnonis

204 2853 393 2916 trutinantem
410 2851 530 2915 indtudt.
565 2853 625 2915 Nee,
647 2853 745 2918 suiuus
766 2853 938 2916 mauihstos
955 2869 1040 2912 error
1054 2850 1084 2912 iu
1100 2851 1298 2932 Psychagogis
1314 2862 1367 2915 est.

205 2956 277 3018 Nam
298 2956 367 3018 lieet
386 2955 474 3018 etiam
495 2954 524 3017 iu
543 2955 691 3038 Odysseae
711 2967 794 3038 parte
814 2967 963 3038 posuerim
984 2953 1144 3016 hiereurius
1171 2949 1370 3038 ιρϊχαγωγός

205 3059 250 3132 sit,
265 3077 425 3141 procorum
441 3057 552 3120 animas
569 3058 598 3120 iu
625 3061 734 3122 Oreum
750 3060 909 3134 deducens,
929 3057 1060 3142 Aeschyli
1076 3067 1173 3120 taumn
1190 3059 1368 3138 tragoediam

206 3179 266 3225 non
282 3163 311 3226 in
327 3163 384 3225 hae
398 3161 511 3230 iahuh.
535 3163 587 3226 sed
608 3163 637 3225 in
652 3165 741 3227 rehus
758 3162 849 3227 rrruho
865 3159 1094 3244 posterioribus,
1120 3160 1219 3240 riuales
1240 3159 1270 3223 iu
1285 3162 1369 3224 Tele·

206 3264 291 3345 genia
306 3275 439 3328 narratae
453 3273 543 3338 erant,
555 3275 700 3329 uersatam
716 3285 808 3329 essee
820 3266 912 3328 schot.
927 3265 963 3328 ad
979 3263 1084 3346 Odyss.
1111 3261 1159 3334 Ni,
1181 3257 1237 3325 tta
1251 3263 1369 3344 intelligi

206 3375 313 3450 potest.
359 3367 435 3443 Quid
451 3373 548 3430 autem
569 3367 606 3430 de
620 3369 786 3450 Sophoclea
802 3369 881 3450 Tyro
904 3365 1023 3430 dicam?
1053 3365 1137 3446 ,ipsud
1152 3365 1315 3427 Nemorum
1332 3366 1371 3429 de

206 3469 249 3532 ida
266 3469 385 3533 rraediem
399 3469 470 3532 addi
485 3469 562 3534 atiud
579 3482 722 3546 narrator,
738 3471 794 3535 uisi
809 3493 825 3534 a
841 3471 979 3553 Neptune
1002 3469 1057 3531 soh
1073 3467 1186 3549 Enipei,
1200 3486 1289 3548 quem
1305 3467 1369 3548 ipsa

206 3572 365 3654 deperibat,
381 3573 480 3656 specie
495 3592 697 3657 compressam
710 3574 786 3638 duos
798 3573 883 3648 iiiios,
900 3574 1053 3636 Nestorem
1065 3582 1093 3634 et
1105 3569 1224 3644 Peliam,
1241 3587 1369 3650 moxque

204 3695 237 3738 ex
264 3677 391 3740 Cretheu
411 3679 572 3749 desudem,
598 3675 767 3750 Pheneum,
794 3676 1008 3759 Amythaonem
1033 3671 1194 3757 peperisse.
1239 3671 1294 3734 od.
1321 3671 1369 3748 Ni,

206 3778 267 3840 235
292 3797 357 3860 sopp
400 3779 514 3844 Noeiue
539 3779 625 3862 igitur
644 3779 827 3862 Sophodeae
853 3777 1021 3860 tragoediae
1045 3787 1251 3859 argumentum
1277 3773 1369 3838 hrisse

207 3881 395 3962 putatemus?
417 3883 511 3946 dormo
523 3881 595 3946 ahos
608 3883 654 3947 ilie
665 3893 801 3948 auctores
814 3883 925 3958 hahuit,
940 3882 989 3964 qui
1003 3881 1099 3963 Tyrus
1110 3879 1237 3944 fabulam
1248 3875 1368 3942 uberius
1435 3927 1437 3932 ,

208 3986 489 4065 persequutionem,
508 3986 672 4051 hesiodum
692 3987 832 4061 tortasse,
852 3985 902 4068 apd
924 4004 1017 4067 qurum
1037 3985 1074 4048 de
1087 3993 1171 4066 patre
1186 3981 1283 4064 rpus
1303 3979 1369 4043 Sai-

208 4103 330 4158 moneo‚
345 4087 472 4170 itemque
489 4089 526 4152 de
542 4089 606 4152 eius
626 4090 756 4172 postoris
775 4087 1001 4182 exposuerim),
1021 4087 1107 4152 etiam
1128 4086 1223 4170 ipsius
1238 4083 1367 4148 tabidam

211 4197 328 4208 ..ι-..ιι-
352 4199 556 4211 -au-us-—n--n

274 4235 296 4301 ⁸)
323 4235 413 4288 hittsr.
436 4237 525 4290 adhe.
549 4241 621 4296 Post.
647 4261 671 4312 p.
684 4243 744 4296 2⁴8.

274 4319 301 4384 h
323 4319 382 4374 vet
396 4321 474 4373 utor.
498 4325 545 4388 ou
558 4325 613 4396 xit,
633 4328 674 4380 m.
690 4329 769 4382 emt.
790 4328 862 4383 eus
885 4327 957 4383 usn.
970 4325 1011 4395 rit,
1044 4325 1087 4379 m.
1107 4325 1195 4394 steph.
1219 4323 1324 4391 syo...
1342 4333 1367 4376 v.

206 4405 315 4461 Ateus.
339 4401 431 4460 Tuta.
454 4407 661 4480 step-copam.
674 4413 734 4466 ass.
