3078 4954
615 449 744 546 „..¹⁵⁷
811 538 814 544 ,

134 638 286 724 superiore
300 657 337 703 an
352 637 489 702 inleriore
503 637 584 714 loco,
602 626 733 701 δ’νωθεν
750 656 789 700 an
809 629 963 700 κάτωθεν
981 636 1109 702 ιαδειαι.
1124 634 1296 718 prraesenim

133 762 225 826 quum
240 743 372 826 singulae
387 741 542 828 separatim
558 739 688 807 convivis
703 759 822 804 merrsae
836 740 988 824 oppositae
1003 749 1112 804 essent.
1139 739 1204 802 lloc
1218 737 1296 802 enim

134 847 277 930 significat
290 847 458 912 adverbium
475 838 653 932 ἀνδρακάς,
674 845 787 927 luitque
802 845 827 909 is
843 865 910 908 noos
924 845 1025 909 aetatis
1039 843 1188 917 heroicae,
1207 852 1241 906 ut
1262 859 1295 904 ιιι

134 951 263 1016 Homero
284 961 406 1017 constat
451 952 493 1014 ct.
514 950 660 1014 Plutarch.
676 950 808 1024 Quoestt.
822 969 954 1032 synopes.
970 948 1009 1024 ll„
1027 951 1076 1022 10,
1097 949 1107 1009 l
1126 956 1156 1009 et
1169 945 1296 1009 Nitzscb.

133 1055 168 1118 ad
191 1054 246 1118 0d.
267 1062 339 1118 tom.
359 1057 384 1116 l.
400 1073 429 1136 p.
445 1053 496 1116 27.
540 1053 639 1136 ltaque
655 1051 821 1116 incredibile
832 1062 887 1125 est,
903 1051 1030 1114 otiosam
1046 1050 1131 1114 istnm
1147 1059 1177 1112 et
1191 1066 1297 1130 super·

133 1174 288 1220 racaneam
303 1155 359 1218 loci
375 1155 604 1237 designationem
620 1155 656 1219 ab
671 1155 814 1238 Aeschylo
829 1174 911 1230 esse,
925 1154 1047 1217 debetur
1060 1151 1184 1216 librariis
1200 1171 1296 1214 veram

133 1258 287 1322 lectionem
309 1257 580 1340 corrumpentibus,
606 1277 680 1338 quae
704 1258 760 1321 luit
783 1248 936 1330 ι’ίνεοθεν,
963 1256 1214 1339 ιμιαιιιιιδιιιοδιιιιι
1240 1254 1296 1318 iant

134 1361 331 1424 lllomlieblius
346 1361 512 1442 suspicatus
527 1371 587 1434 eet,
613 1360 699 1424 citato
715 1362 780 1424 loeo
796 1359 954 1424 llomerico
970 1360 1006 1422 ad
1022 1377 1083 1422 rem
1099 1358 1297 1440 comproban-

133 1463 201 1526 dam
216 1463 503 1528 accomodotissimo.
519 1464 553 1527 ll.
570 1463 657 1526 ΧΧΙΙ.
673 1465 749 1526 tot:
773 1449 792 1549 ἦ
812 1465 855 1547 pn
869 1457 926 1526 καί
941 1455 978 1526 έκ
993 1463 1121 1544 νεκροῖο
1135 1454 1296 1544 έρίσσατο

132 1561 272 1648 χάλκεον
290 1558 399 1650 έχχος,
421 1563 479 1631 καί
493 1557 566 1648 τόγ’
581 1556 722 1630 ἄνευθεν
736 1557 849 1650 ἔθηκε.
894 1564 974 1629 ltlem
995 1564 1140 1646 signilicat
1151 1555 1252 1650 χωρίς
1266 1563 1295 1627 in

133 1671 273 1735 Herodoti
300 1671 466 1735 narratione
490 1671 527 1734 de
551 1669 638 1734 simili
657 1669 783 1752 quadam
803 1669 936 1750 Astyagis
955 1667 1122 1742 atrocitate,
1148 1666 1201 1730 lc.
1224 1667 1298 1729 tte:

132 1777 222 1840 τοῖσι
232 1767 293 1856 μέν
303 1763 436 1838 ἄλλοισι
451 1766 509 1837 καί
521 1762 793 1860 αι’τῷἍστυδγεϊ
805 1766 1033 1856 παρετιθέατο
1043 1763 1207 1855 τράπεζαι
1219 1763 1298 1834 έπι-

135 1869 238 1943 πλέαι
248 1869 392 1964 μηλείων
406 1871 518 1960 κρεῶν
530 1865 694 1960 Ἀρπείχιμ
710 1865 755 1952 δέ,
771 1875 830 1937 τοῦ
845 1868 974 1950 παιδδς
986 1869 1046 1937 τοῦ
1060 1863 1195 1952 έιοιτοῖι,
1211 1869 1298 1959 πλνῙν

134 1975 282 2068 κεφαλῆς
290 1999 327 2044 τε
341 1974 398 2042 καί
413 1969 522 2060 δ’κρων
531 1973 649 2064 χειρῶν
658 1995 695 2040 τε
705 1971 763 2040 καὶ
775 1973 904 2041 ποδῶν·
918 1973 1023 2041 ταῦτα
1034 1970 1072 2041 δέ
1081 1970 1182 2062 χωρίς
1191 1967 1300 2040 έκειτο

134 2077 194 2148 ἐπὶ
210 2076 315 2168 κανέῳ
331 2073 653 2162 κατακεκαλυμμένα.

218 2184 252 2246 ln
274 2185 375 2247 eadem
390 2182 520 2264 Aegisthi
541 2183 674 2245 oratione
690 2201 716 2243 ν.
734 2181 815 2245 1568
836 2182 908 2244 ltaoc
922 2189 993 2243 sunt
1007 2179 1044 2243 de
1058 2180 1200 2264 ΤΙιχαεια,
1215 2191 1299 2263 pust-

134 2306 222 2370 quam
236 2306 299 2351 rem
315 2283 500 2365 cognoverit:
950 2271 953 2282 '

334 2381 439 2474 μόρον
452 2378 485 2449 δ’
507 2375 651 2473 ίίφερτον
671 2378 884 2462 Πελοπίδαις
905 2377 1089 2464 έπειίχεται,

335 2483 503 2572 λάκτισμα
525 2481 664 2553 δείπνου
685 2481 848 2565 σανδέκως
868 2484 982 2566 τιθεὶς
1003 2479 1078 2574 α’ρᾷ.

138 2595 258 2658 Versum
278 2594 442 2657 seeundum
458 2591 652 2668 abresctnus,
670 2590 822 2655 animadv.
839 2591 869 2654 in
885 2592 1017 2675 beschpl.
1037 2591 1087 2655 lib.
1103 2591 1143 2667 ll,
1164 2613 1190 2656 c.
1210 2592 1251 2655 23
1271 2611 1301 2671 μ.

136 2695 198 2759 399
214 2695 257 2759 sic
275 2694 432 2759 conuertit:
459 2694 666 2776 despectum
692 2693 726 2756 in
753 2693 921 2756 conuiuio
941 2693 1132 2758 detestans
1152 2715 1192 2758 ac
1211 2693 1303 2758 diris

137 2801 334 2874 dominns,
354 2797 490 2880 additque
505 2796 656 2879 deinceps:
683 2805 820 2880 „poterat
834 2797 954 2871 eudem,
969 2797 1091 2879 opinor,
1107 2817 1196 2861 sensu
1211 2796 1303 2860 scribi

135 2897 250 2978 τιθείς
264 2893 378 2987 δράν.“
400 2898 465 2965 lloc
475 2899 661 2964 llemmnnus
676 2899 795 2981 recepit.
810 2907 839 2962 et
853 2898 961 2962 mirum
976 2909 1097 2962 estnon
1113 2900 1149 2962 nb
1164 2899 1303 2963 omnibus

136 3015 287 3088 receptum
306 3023 388 3078 esse,
408 3005 457 3087 qui
478 3003 514 3067 de
533 3001 677 3066 sententia
693 3001 750 3065 loci
766 3003 843 3065 idem
858 3012 944 3085 atquc
960 3002 1136 3066 lbrescbius
1152 3005 1304 3067 sentirent.

136 3109 210 3172 Nam
219 3098 285 3195 ἀρᾷ
294 3099 430 3172 τιθέναι
441 3126 486 3184 τι,
498 3105 632 3188 aliquid
643 3105 733 3169 diris
745 3105 928 3180 devovere,
941 3125 1042 3186 gracco
1055 3124 1115 3169 non
1128 3106 1184 3170 dici
1194 3118 1305 3171 eertum

136 3213 245 3290 καθ’)
257 3209 379 3274 alterum
388 3209 466 3284 illud,
476 3198 559 3294 o'peie
565 3203 699 3273 τιθέναι
710 3209 770 3271 lae.
779 3199 862 3293 δρᾶν
870 3209 1063 3286 ποιεῖσθαι,
1076 3208 1172 3290 potuit
1180 3211 1309 3274 tortasse

136 3314 224 3379 rideri
235 3333 291 3398 pro
307 3304 460 3402 ἀρᾶσθαι
475 3313 585 3378 dictum
600 3333 676 3390 esse,
692 3325 721 3377 ot
736 3303 820 3399 οἷράν
832 3304 970 3377 τιθέναι
984 3331 1018 3376 τι
1034 3330 1089 3394 μισ
1105 3303 1258 3398 δρᾶσθαέ
1271 3331 1307 3376 τι

137 3419 240 3482 endem
256 3419 361 3492 modo,
381 3438 440 3502 ιμιο
455 3435 560 3501 ειιμιιι,
582 3437 608 3481 ι.
628 3417 705 3490 781,
724 3410 955 3504 ἀνδροθνῆτας
967 3407 1068 3480 Ἰλίοε
1083 3411 1222 3503 φθορὰς
1237 3408 1310 3501 ψέ-

136 3541 222 3608 cpocc
243 3512 361 3586 ἔθεντο
382 3539 439 3603 μισ
454 3516 591 3608 φθορᾶς
604 3513 822 3610 ἐψηφίσαντο.
868 3519 965 3603 thue
980 3518 1080 3594 multa,
1095 3521 1166 3583 alias
1181 3518 1310 3584 incredi-

136 3623 212 3698 bilia,
225 3622 256 3686 in
268 3623 410 3706 noscano
426 3630 522 3687 tanmn
534 3623 680 3688 credibilia
692 3624 753 3687 risa
764 3635 844 3697 sunt,
860 3623 904 3686 sic
914 3631 1074 3705 potuerunt
1085 3625 1210 3688 lortasse
1220 3624 1308 3687 etiam

137 3717 221 3810 ἄρδιν
239 3719 376 3790 τιθέναι
394 3745 433 3788 τι
449 3731 489 3805 (r.
504 3716 658 3810 oipciodui
675 3729 722 3803 τι)
743 3725 896 3788 terendum
911 3733 1015 3806 putme
1029 3744 1085 3808 pro
1097 3747 1134 3789 eo
1150 3728 1230 3810 quod
1244 3736 1305 3790 est:
1327 3743 1365 3795 ιτ

137 3828 273 3912 aliquid
299 3847 375 3892 oum
401 3827 640 3891 execratione
662 3827 895 3910 exprobrare.
939 3827 1083 3892 lamrero
1099 3828 1231 3912 quidest
1247 3821 1310 3892 td·

138 3950 262 4013 κτισμα
277 3923 438 3997 δείπνονῖ
459 3929 608 4012 lmpiam
623 3929 819 4014 hospitalis
834 3948 977 3993 mensae
990 3929 1239 4008 violationem,
1259 3931 1309 3996 in·

138 4033 201 4116 qtrit
219 4033 392 4110 Scbdtzius,
411 4033 571 4114 elegantius
591 4053 680 4116 quarn
696 4031 887 4106 Abrcschius,
910 4031 963 4095 red
986 4049 1078 4096 sensu
1096 4051 1159 4097 non
1179 4032 1309 4110 diverso,

138 4136 322 4219 conferrique
336 4135 417 4200 iubet
430 4135 528 4202 locum
543 4135 601 4200 iam
615 4135 652 4202 ab
667 4138 725 4200 boc
738 4134 872 4212 citatum,
894 4133 1041 4217 Lycopbr.
1055 4153 1081 4198 ν.
1100 4135 1178 4214 137,
1199 4137 1251 4202 ubi
1271 4138 1311 4202 dc

175 4313 437 4324 ...-.-·-..-.-....

207 4377 253 4445 δι)
271 4375 365 4432 Taurea
378 4377 427 4432 leit
437 4379 480 4450 qui
492 4381 539 4434 boe
556 4382 686 4447 undaret,
709 4395 857 4450 comparem
872 4378 935 4430 teuc
946 4375 1100 4434 locatione·
1115 4397 1172 4434 οτι
1181 4397 1225 4450 τι,
1246 4399 1313 4452 que

137 4469 179 4516 ert
189 4463 255 4531 apud
267 4463 455 4518 nannenus
472 4466 533 4524 τοῖς
544 4465 625 4524 θεοῖς
634 4467 709 4520 τίθει
721 4457 756 4518 rei
768 4457 873 4518 κέντει.
910 4473 913 4480 ·
