3106 4958
641 499 842 602 ...Εἱ-

61 685 64 694 ’
159 701 238 768 ruut,
254 691 309 755 tale
324 690 393 774 qnid
408 708 445 753 ne
460 687 490 753 in
505 695 633 752 menum
648 681 767 766 quidem
779 684 903 759 venerit,
917 685 944 747 is
958 695 1069 760 autem,
1083 685 1133 767 qui
1148 695 1252 768 postea
1268 687 1325 749 hoe

159 794 255 858 iliadis
275 813 383 876 corpur
403 790 604 864 concinnavit,
624 788 649 851 si
670 789 745 851 iorte
763 786 794 848 in
814 797 911 849 mente
930 786 1076 863 lrabuerit,
1091 807 1152 853 non
1168 799 1266 852 tanim
1281 789 1325 852 ric

160 898 220 973 illa,
235 918 309 980 quae
323 896 505 978 composuit,
525 901 639 956 mutere
657 910 692 954 ac
706 891 846 970 redegere
861 890 1003 970 potuerit,
1022 902 1055 954 ut
1070 891 1157 972 plane
1172 892 1272 956 orrania
1285 893 1324 956 ad

161 1003 237 1065 lraoc
255 1002 400 1064 rationem
419 996 726 1063 accommodarentur.
770 989 870 1068 Quint
884 993 964 1073 quod
981 1006 1050 1058 suot
1064 995 1151 1058 etiam
1168 1014 1324 1076 quaecum

131 1149 132 1152 ,
159 1125 193 1168 ea
214 1111 354 1186 pugnent
399 1102 472 1166 Nam
493 1120 585 1184 quum
606 1097 754 1163 cardinem
775 1095 816 1158 rei
832 1094 861 1157 in
881 1094 1022 1175 legatione
1037 1097 1082 1161 illa
1096 1098 1326 1179 Agamemnonis

160 1207 232 1271 verti
246 1216 398 1288 appareat,
418 1223 476 1286 qua
491 1211 590 1284 spreto
605 1200 729 1265 Achilles
750 1199 873 1260 modum
887 1198 1078 1262 louruanitatis
1097 1201 1234 1276 coacessit,
1254 1203 1326 1265 haec

161 1308 223 1390 ipsa
251 1317 349 1370 tamen
375 1305 479 1387 legatio
500 1305 552 1378 illi,
573 1303 622 1384 aqui
639 1299 823 1374 Patrocliam,
842 1299 1032 1363 lucidorum
1054 1301 1125 1373 Xl'l,
1147 1304 1326 1385 composuit,

82 1475 83 1480 ,
161 1411 260 1490 ignota
276 1409 367 1473 inisse
381 1408 503 1470 vitietur.
549 1405 598 1469 Sic
616 1404 695 1468 enirn
711 1402 877 1483 loquentiam
893 1402 960 1465 iacit
974 1403 1112 1466 alelriileur
1129 1425 1154 1466 v.
1171 1405 1226 1467 il:
1240 1399 1327 1484 τάχα

160 1531 215 1575 κεν
236 1506 409 1597 φεύγοντες
434 1503 588 1584 ἐναύλους
609 1500 772 1593 πλήσειαν
797 1498 927 1583 νεκύων,
950 1497 1063 1586 εἷμαι
1086 1498 1325 1592 acciturum·

159 1607 290 1696 μίμνων
311 1605 413 1699 ἤπια
435 1603 576 1696 εἰδείη,
598 1629 672 1693 quae
691 1609 779 1672 verlra
801 1608 846 1669 vix
866 1607 1057 1700 aliteraceipi
1073 1621 1215 1692 prussuot,
1235 1631 1323 1692 quam

159 1725 193 1779 ut
211 1719 463 1798 Agamemnonem
489 1731 569 1777 nunc
593 1731 710 1794 «puroque
736 1710 846 1793 pariter
871 1730 958 1792 quana
985 1711 1054 1774 olim
1077 1713 1178 1795 iniquo
1204 1733 1272 1796 erga
1292 1735 1325 1777 se

160 1817 259 1881 aninlo
280 1839 347 1880 esse
366 1818 450 1880 dicat.
495 1817 525 1878 ld
545 1825 641 1878 autem
662 1813 712 1896 qui
731 1813 827 1893 potuit
841 1813 936 1876 dicere
952 1815 988 1877 de
1002 1835 1051 1886 eu,
1072 1817 1122 1896 qui
1142 1817 1238 1897 paullo
1257 1830 1325 1880 ante

160 1918 384 2000 cupidissimum
396 1938 429 1980 se
440 1917 620 1980 ostendisset
630 1915 737 1996 gratiae
751 1913 983 1977 reconciliandae
995 1934 1137 1996 raramque
1148 1918 1221 1979 adeo
1238 1919 1324 1982 liliam

162 2021 191 2083 io
212 2018 434 2082 matrimonium
455 2015 619 2080 obtulisset
663 2014 708 2076 lu
735 2014 878 2094 suspicari
898 2034 966 2078 eum
986 2015 1132 2090 diecours,
1152 2027 1252 2099 spreta
1270 2019 1326 2081 lrae

161 2120 330 2185 conditione
351 2119 413 2182 lleri
433 2136 495 2180 non
515 2115 661 2198 potuisse,
679 2113 750 2194 quin
766 2115 994 2196 aganmanonts
1009 2117 1125 2180 animus
1141 2136 1246 2182 rtrrrus
1261 2140 1278 2182 a
1293 2140 1326 2182 ae

160 2218 393 2285 auctionaretur?
418 2221 464 2294 tt,
479 2219 597 2301 opinor,
613 2217 670 2280 lroc
684 2207 782 2278 tamen
797 2233 858 2279 nen
873 2217 1034 2298 ignorabat,
1050 2238 1168 2282 ornarem
1185 2221 1225 2283 illi
1240 2241 1325 2302 rpem

160 2323 262 2386 salutis
276 2323 307 2386 iu
322 2342 379 2386 suo
394 2321 500 2386 auxilio
515 2319 643 2404 positam
658 2338 733 2393 esse,
747 2317 836 2400 idque
850 2338 928 2394 curva,
944 2319 970 2383 si
985 2333 1095 2402 posset,
1108 2321 1232 2386 libenter
1245 2341 1327 2386 nunc

160 2445 277 2508 equoque
296 2424 399 2488 iisdem
420 2424 527 2504 quibus
542 2432 626 2486 antea
646 2421 867 2484 conditionibus
887 2421 1117 2504 redemptunnn.
1161 2424 1263 2506 ltaque
1276 2446 1325 2488 res

162 2528 340 2590 Graecorum
363 2545 423 2588 uun
443 2545 479 2588 eo
499 2525 621 2588 cillictoe
641 2533 723 2597 sunt,
741 2523 819 2604 quod
835 2525 1003 2588 etiamnunc
1016 2527 1246 2605 Agaruemuouio
1259 2530 1324 2590 ani·

162 2647 229 2690 naus
249 2627 285 2690 ab
306 2627 413 2689 elelrille
432 2627 611 2690 abalienatus
630 2635 690 2700 est,
709 2625 761 2687 sed
782 2625 861 2706 quod
881 2624 997 2706 placare
1014 2647 1096 2699 error,
1122 2645 1212 2708 quum
1232 2629 1323 2701 vellet,

161 2747 223 2792 raon
238 2729 342 2810 potuit,
357 2729 524 2810 rectiusque
539 2727 627 2809 igitur
640 2726 796 2788 dicendum
813 2727 865 2788 tuit
881 2719 911 2790 si
931 2721 1013 2810 ἐγὼν
1024 2719 1242 2811 Ἀγαμέμνονι
1259 2723 1324 2815 diap

160 2821 250 2915 ἤπια
282 2821 418 2916 εἰδείην,
455 2849 543 2912 quam
570 2820 689 2909 εἷμαι
716 2819 833 2911 κρείων
852 2821 1065 2912 Ἀγαμέμνων
1091 2821 1181 2916 ἤπια
1207 2825 1323 2917 εἰδείη.

161 2934 261 2996 Sensit
275 2933 362 2996 etiarn
377 2931 554 3006 Nitzsclrius,
570 2952 599 3014 p.
619 2931 689 3004 tot,
704 2931 778 2993 lraec
791 2931 879 2993 verba
894 2931 935 2994 rei
947 2950 1008 2994 nou
1024 2952 1151 3012 congruo
1167 2954 1248 3009 esse,
1268 2953 1323 2996 nee

159 3035 263 3115 prolici
283 3035 458 3116 quidquam,
477 3035 502 3097 oi
521 3033 587 3116 quia
608 3037 684 3097 lortc
699 3024 799 3116 δ’ρτια
825 3051 881 3114 pro
901 3022 990 3118 ἤπια
1016 3045 1152 3115 reponat:
1173 3053 1240 3098 uam
1261 3054 1322 3099 nou

159 3155 231 3200 saue
256 3137 352 3218 aptior
373 3139 418 3198 sic
442 3137 492 3198 llct
513 3136 665 3199 sententia.
710 3136 809 3215 ltaque
835 3153 872 3196 ne
892 3144 990 3198 tameu
1017 3147 1127 3217 pugnet
1156 3136 1229 3198 lraec
1254 3157 1323 3218 pars

84 3219 86 3224 ⁸
159 3256 225 3300 cum
245 3255 277 3300 ea
298 3238 481 3314 narratione,
500 3257 576 3318 quae
596 3247 642 3300 est
661 3237 691 3298 in
711 3237 853 3312 Λιταῖς,
882 3235 929 3299 lilr.
946 3237 993 3310 lx,
1008 3255 1123 3300 versum
1144 3237 1223 3300 illum
1239 3240 1275 3300 'il
1295 3249 1325 3300 et

159 3339 326 3420 complures
341 3359 408 3402 eum
426 3361 462 3404 eo
478 3359 628 3403 corrueres
645 3338 733 3402 deleri
749 3337 841 3413 iulret,
862 3349 894 3402 ut
908 3341 946 3403 ab
961 3340 1170 3421 interpolatore
1185 3340 1323 3404 insertos.

159 3441 306 3504 Nimirum
322 3442 366 3505 sic
380 3462 469 3525 saepe
483 3441 601 3506 criticos
615 3443 702 3506 etiam
720 3441 970 3522 prudentissimos
985 3463 1071 3524 agere
1085 3443 1226 3519 ridemus,
1242 3453 1283 3518 ut,
1296 3444 1322 3505 ri

159 3543 228 3622 quid
245 3543 378 3624 ipsorum
394 3545 558 3608 rationibus
573 3545 673 3610 minus
689 3545 846 3619 conducat,
862 3544 890 3607 id
906 3545 1148 3629 interpolatorum
1166 3547 1258 3611 iraudi
1273 3558 1325 3609 aut

159 3645 296 3708 stultitiae
315 3645 473 3728 imputent,
493 3649 577 3730 quasi
597 3667 665 3712 vero
685 3648 724 3711 illi
744 3668 830 3710 coeco
850 3649 978 3729 quodam
1000 3650 1126 3730 impetu,
1147 3668 1208 3712 non
1227 3650 1322 3731 aliqua

159 3746 275 3822 saltem,
295 3748 428 3829 quamvis
449 3769 662 3832 saepenumero
677 3751 761 3824 falsa,
782 3751 894 3813 ratione
908 3753 1036 3832 permoti
1052 3750 1213 3815 llomerum
1230 3753 1322 3814 iuter·

159 3849 335 3931 polaverint,
361 3870 419 3932 qur
438 3851 475 3914 de
495 3871 527 3916 re
547 3853 714 3916 llitasclriur
733 3853 797 3934 ipse
814 3862 949 3915 accurate
968 3864 998 3916 et
1020 3853 1164 3916 subtiliter
1182 3854 1322 3918 disseruit

159 3973 188 4034 p.
207 3952 266 4016 132
281 3963 311 4017 et
329 3953 398 4018 168.
443 3955 507 4019 lloe
519 3965 618 4020 autem
637 3957 703 4020 locu
723 3975 798 4038 quae
817 3955 891 4020 ratio
905 3967 956 4018 aot
970 3956 1019 4037 qui
1035 3974 1119 4019 error
1138 3955 1236 4020 iudicii
1251 3978 1321 4040 per-

159 4074 277 4120 movere
291 4075 468 4140 quemquam
482 4058 519 4122 ad
534 4059 756 4142 interpolandos
771 4058 836 4121 illos
852 4077 953 4122 versus
968 4059 1097 4140 potuerit
1111 4058 1228 4123 difficile
1243 4062 1323 4125 diem

158 4166 212 4219 ost.
257 4157 358 4240 Neque
376 4159 445 4223 illud
466 4160 529 4226 viro
553 4161 660 4225 eximio
686 4161 847 4225 concedere
872 4180 1011 4242 possum,
1032 4161 1165 4226 versibus
1184 4163 1322 4228 69-79

158 4259 261 4323 δεΙεῑίε
287 4260 427 4342 reliquam
453 4263 620 4328 orationem
639 4265 732 4328 multo
757 4262 977 4327 concinniorem
1002 4274 1090 4344 atque
1114 4265 1321 4347 elegantiorem

37 4375 40 4382 ’
157 4360 290 4426 evadere.
334 4361 409 4424 Nam
423 4363 504 4444 quod
518 4364 569 4439 ait,
583 4365 814 4428 enuntiationem
829 4365 922 4440 illam,
940 4384 1016 4447 qum
1029 4364 1162 4449 incipio
1178 4368 1275 4432 verbis
1290 4359 1323 4432 ri

158 4457 199 4550 δη
215 4457 351 4528 κυάνεον
369 4455 489 4546 Τηεδων
501 4457 603 4551 νέφος
617 4455 837 4552 α’μφνβέβηκε,
857 4464 884 4528 εἰ
898 4485 1017 4530 εεαεεια
1033 4469 1184 4533 contium
1198 4469 1322 4546 dicatur,
