3106 4958
751 455 792 522 δδ

196 653 347 738 superiora
362 648 456 714 fabula
472 647 510 712 δε
523 647 660 713 Pandora
676 648 822 713 conciliari
837 649 914 713 nulla
929 666 999 712 rano
1010 646 1124 714 ratione
1135 645 1302 733 positu).
1324 648 1358 713 ln

194 759 270 822 hunc
289 774 348 820 uua
368 761 551 816 memoratur
572 763 702 816 retentm
725 753 893 818 criticorum
908 751 1039 824 notatio,
1058 751 1095 815 ad
1111 771 1136 816 ν.
1155 753 1230 827 169,
1249 751 1299 815 ubi
1322 752 1359 816 δε

193 871 309 943 quartae
326 857 387 921 aire
403 855 537 920 tauroicao
548 855 648 920 aetatis
661 866 742 919 sorte
756 855 921 938 exponitur.
966 854 1113 918 Horoibuo
1127 855 1221 932 enim,
1240 863 1359 938 postea·

191 984 277 1047 quam
293 962 340 1027 aiii
357 961 435 1044 ομοδ
451 960 568 1023 ΤΙιεΙιιο
582 958 628 1023 aiii
645 959 722 1041 apud
739 958 858 1022 Troiam
871 958 1007 1032 obierint,
1022 959 1123 1022 oedem
1145 979 1162 1022 a
1181 958 1249 1022 Ιονε
1262 957 1358 1040 νοεῖς-

190 1077 287 1132 aatam
303 1086 373 1131 esre
388 1065 419 1128 in
434 1063 573 1128 extremis
589 1061 670 1126 orbis
685 1073 830 1126 terrarum
847 1063 965 1138 nothus,

165 1169 166 1172 ’
1059 1157 1273 1248 έμβασιλδει·

259 1275 328 1338 tta.
377 1268 435 1338 καὶ
455 1267 509 1338 τοί
530 1266 590 1355 μέν
611 1263 761 1337 ναίονσιν
782 1261 912 1360 ἀκηδέα
934 1265 1046 1354 θνμδν
1067 1261 1195 1352 ἔχοντες

259 1381 327 1444 171.
372 1371 408 1444 έν
428 1370 588 1462 μακάρων
608 1369 742 1464 νήσοισι
765 1367 844 1462 παρ’
864 1365 1019 1442 Ὠκεανὸν
1038 1367 1243 1463 βαθυδίνην,

260 1485 328 1548 177.
373 1473 488 1565 ἀλβιοι
510 1474 624 1569 ἥρωες,
646 1483 754 1547 τοῖσιν
773 1474 936 1570 μελιηδέα
957 1475 1089 1566 νιαρπδν

259 1587 328 1650 173.
371 1581 444 1672 τρίς
464 1577 555 1663 ἔτεος
576 1579 747 1651 θάλλονσα
768 1576 863 1674 φέρεὶ
886 1579 1045 1670 ζείδωρος
1065 1574 1200 1670 δ’ρονρα.

196 1687 323 1754 Τοῖτοι
337 1683 391 1754 καί
408 1685 466 1753 τδν
479 1680 564 1777 ἑξῆς,
587 1689 627 1753 ait
643 1690 766 1753 t‘roctos
780 1691 816 1754 οδ
832 1709 857 1753 ν.
874 1690 944 1762 aaa,
960 1681 1006 1766 ὥς
1020 1681 1257 1776 φληναφιδδεις
1272 1681 1361 1766 έξοι-

192 1786 320 1873 νιίζοισι
346 1790 412 1858 τῶν
428 1785 595 1859 Ἡσιόδου
616 1788 660 1859 τιί
681 1813 718 1858 τε
740 1784 826 1858 ἀλλα
847 1785 1077 1880 ιμανλίζοντες,
1100 1785 1157 1854 καί
1179 1787 1219 1854 τδ
1240 1785 1361 1857 ένθον-

192 1892 366 1962 σιαστικδν
392 1893 451 1985 τῆς
478 1889 634 1984 εἰσβολῆς
659 1894 726 1960 τῶν
746 1889 820 1979 μετ’
843 1888 963 1972 αι’τοδς
984 1887 1105 1976 στίχων
1127 1884 1285 1980 ἀφαιρεῖν
1306 1886 1362 1958 λέ·

150 2009 179 2062 ta
196 2020 313 2084 γοντες.
358 2001 489 2064 Fuerunt
514 1999 617 2081 igitur,
643 2001 692 2082 qui
720 2001 837 2062 inanem
857 1997 1004 2080 quandam
1031 1995 1236 2078 loquacitatem
1258 1996 1288 2059 in
1314 1997 1361 2060 iaia

194 2103 324 2166 uersibus
336 2122 402 2165 osse
414 2103 650 2175 criminarentur,
666 2120 770 2184 parum
785 2099 1037 2164 accommodatam
1051 2099 1259 2162 veliementiori
1271 2099 1362 2162 animi

196 2203 397 2279 commotioni,
414 2223 502 2286 quam
519 2205 678 2286 proderent
695 2224 763 2267 uror
779 2221 880 2266 vcrsm
897 2203 965 2264 17⁴.
982 2202 1012 2275 5,
1028 2201 1077 2264 ubi
1095 2209 1180 2284 poeta
1196 2221 1229 2264 ee
1245 2203 1363 2282 quintae

195 2309 304 2382 aetatis,
320 2328 377 2390 qua
393 2309 457 2390 ipae
472 2307 556 2384 uiuat,
573 2318 654 2370 tauto
667 2307 762 2369 taedio
774 2309 910 2369 affectum
925 2323 992 2367 esec
1007 2304 1155 2379 exclamat,
1178 2313 1210 2366 ut
1224 2315 1273 2369 aut
1296 2313 1363 2368 ante

196 2429 258 2474 eam
275 2421 424 2484 martarus,
439 2420 490 2474 aut
504 2419 606 2492 postea
622 2409 741 2472 «lenium
757 2407 925 2470 nasciturus
940 2425 1007 2468 esee
1029 2405 1119 2468 malit.
1165 2407 1248 2481 Quae
1263 2418 1362 2470 autem

196 2532 287 2596 porro
302 2516 380 2596 apud
397 2513 535 2577 Proetum
552 2512 703 2594 leguntur:
726 2503 772 2588 ιδς
787 2505 848 2593 γάρ
869 2498 1074 2594 ἀποβλέψας
1088 2499 1136 2585 εἷς
1156 2503 1197 2572 aa*
1213 2501 1288 2572 κατ’
1303 2501 1363 2572 αι’·-

195 2611 250 2678 τδν
270 2613 338 2678 τοῖν
359 2607 550 2701 ἀνθρώπιον
571 2607 662 2700 γένος
682 2608 768 2697 μετὰ
788 2609 847 2699 τὴν
868 2605 1043 2698 έξίμνρσιν
1056 2607 1116 2697 τῆς
1129 2612 1196 2674 coir
1209 2603 1363 2698 ἡμιθέων

193 2713 317 2804 λήξεως
338 2711 475 2802 ἐπείγει·

239 2822 309 2884 171.
352 2811 469 2906 μηκέτ’
490 2811 599 2885 ἔπειτ’
621 2810 767 2906 ὤφειλον
788 2812 854 2903 έγιδ
876 2812 1066 2900 πέμπτοισι
1087 2817 1245 2897 μετεῖναι,

241 2925 310 2986 175.
355 2915 523 3010 ἀνδράσιν,
546 2913 621 2986 ἀλλ’
644 2912 666 3010 ἢ
687 2916 822 3008 πρόσθε
844 2923 962 2986 θανεῖν
983 2911 1007 3006 ἢ
1027 2911 1148 2984 ἔπειτα
1171 2913 1339 3003 γενέσθαι.

195 3027 268 3090 haec
282 3025 327 3090 sio
341 3045 402 3090 non
418 3037 496 3090 rome
512 3027 659 3109 sarperion'
674 3026 858 3090 annotationi
874 3026 1028 3088 subiuncta
1039 3043 1108 3086 esse
1121 3031 1251 3104 apparet
1287 3024 1361 3087 Nam

196 3141 319 3214 propter
331 3129 477 3194 causalem
489 3130 727 3194 coniunctionem
745 3122 807 3213 μείρ
821 3139 1008 3211 eaprcctamus
1021 3127 1166 3190 rationem
1179 3126 1242 3190 eius
1255 3126 1362 3208 iudicii,

196 3233 275 3315 quod
301 3231 339 3296 ibi
367 3241 630 3296 commemoratum
651 3241 712 3307 oet,
738 3233 856 3295 allatum
881 3231 932 3305 ἱεὶς
957 3230 1361 3305 turcomannorum

196 3335 309 3418 opponi
326 3335 424 3417 petitu
431 3333 689 3416 aliquioluitlemus,
707 3352 767 3415 quo
782 3344 870 3415 poeta
884 3343 986 3398 contra
1002 3333 1122 3415 iniquos
1132 3332 1242 3397 iudicer
1258 3334 1361 3399 deten-

196 3439 295 3502 tiatur:
322 3438 400 3500 trano
420 3435 531 3518 ipmm.
558 3453 646 3517 quam
669 3435 708 3498 itti
732 3435 969 3510 criminarentur,
995 3435 1242 3517 praedicationem
1263 3437 1362 3500 beatae

196 3539 285 3602 nortio
297 3538 422 3602 heroum
438 3531 508 3622 (τήν
529 3528 705 3622 ἐξδμνρσιν
717 3531 777 3620 τῆς
789 3531 856 3598 τῶν
870 3528 1027 3620 ἡμιθέων
1040 3532 1183 3624 λήξεως),
1193 3537 1362 3620 horumque

196 3638 397 3704 conditionem
421 3647 480 3700 tam
500 3637 645 3700 clircream
668 3635 704 3699 ab
730 3635 777 3699 aui
803 3635 946 3719 temporie
968 3638 1083 3701 miseria
1104 3650 1209 3720 pactae
1228 3641 1360 3704 animum

195 3739 399 3804 vehementior
414 3737 626 3812 commovisse,
645 3746 677 3800 ut
691 3735 722 3800 iu
737 3739 809 3802 haec
824 3738 908 3801 rerba
928 3750 1109 3822 erumperet,
1121 3731 1234 3827 μηκέτ)
1255 3731 1362 3806 ἔπειτ’

195 3833 347 3930 ὤφειλον,
361 3849 391 3904 et
406 3859 480 3922 quae
498 3847 670 3921 aequantur.
713 3839 898 3902 Manifestum
913 3849 959 3903 eet
977 3839 1066 3922 igitur
1085 3843 1115 3907 in
1130 3842 1228 3906 Procli
1246 3843 1361 3906 scholio

195 3957 265 4028 poet
278 3951 542 4009 commemoratum
558 3941 684 4006 aliorum
699 3940 837 4004 iudicium
853 3941 960 4023 aliquid
975 3943 1129 4021 excidisse,
1144 3963 1203 4028 quo
1220 3943 1276 4008 sibi
1291 3944 1361 4008 issud

198 4044 357 4130 improbari
372 4045 558 4126 signiticaret,
572 4043 665 4107 velut:
694 4033 765 4106 ἀλλ’
787 4034 847 4107 ocia
868 4034 983 4128 ὀρθῶς
1002 4038 1233 4134 ὑπειλήφασιν
1245 4045 1290 4110 ael
1304 4046 1360 4109 tale

197 4148 276 4232 quid.
321 4147 374 4212 Eat
386 4157 483 4212 antem
499 4147 553 4212 alia
567 4145 692 4229 insuper
706 4145 872 4228 corruptela
888 4146 1023 4213 tollenda.
1057 4149 1172 4234 Nempe
1186 4142 1363 4234 έξιίμνησις

157 4289 161 4294 -
197 4251 257 4327 iiia,
278 4269 367 4332 qoam
386 4249 519 4313 uouautii
539 4257 573 4314 ut
587 4247 677 4314 nimie
692 4249 844 4332 loquacem
865 4248 954 4313 delen
969 4251 1113 4327 retebant.
1129 4253 1357 4335 haudquaquam

268 4473 312 4538 25)
329 4469 401 4525 Gaas.
413 4468 474 4524 δίει.
486 4472 518 4526 λε
531 4481 610 4529 aatat.
621 4491 679 4545 ςει.
693 4476 758 4530 hu·
772 4491 797 4544 p.
811 4473 851 4528 12.
876 4473 978 4545 (θρυα.
989 4475 1020 4530 ll.
1032 4494 1056 4549 ρ,
1068 4476 1138 4544 att.)
