3092 4964
771 439 834 504 230

227 631 439 715 permutatione
460 627 651 711 frequentius.
699 631 761 694 vid.
785 631 863 696 llast.
884 637 1044 695 comment.
1065 629 1211 714 palaeogr.
1231 653 1261 716 p.
1282 634 1344 698 765
1359 645 1389 699 et

226 733 340 796 Scbael.
356 731 415 795 ind.
430 731 466 794 ad
483 731 604 813 Gregor.
620 751 649 814 p.
668 733 760 796 tutu.
781 725 1097 818 Ἀποψομένοιςῑοιο
1109 733 1266 800 manifesto
1282 737 1387 802 falsum

226 843 279 909 est,
294 843 327 898 ut
345 835 433 897 etiam
452 833 600 898 audaciori
620 835 783 900 medicinae
803 837 887 901 locus
910 836 1117 900 concedendus
1136 837 1188 901 sit:
1209 857 1388 921 quamquam

225 937 322 999 omnis
338 955 403 1000 mea
418 935 537 1000 audacia
552 937 582 1000 iu
597 957 633 1001 eo
648 937 794 1014 consistit,
808 947 842 1002 ut
854 937 891 1002 oh
906 939 1068 1004 editoribus
1079 939 1278 1022 Neapolitanis
1292 942 1389 1006 erani-

226 1040 278 1101 das
294 1039 426 1121 quinque
436 1039 546 1103 litteras
563 1041 750 1122 pronominis
762 1033 862 1105 αι’τοῦ
881 1061 937 1125 pro
958 1050 1097 1125 quattuor
1111 1043 1194 1106 bisce
1209 1051 1303 1128 οψομ
1315 1044 1388 1108 lalso

226 1140 339 1206 habitas
353 1162 421 1207 esse
434 1143 560 1208 credam.
590 1146 665 1226 hpte
680 1144 806 1227 denique
820 1145 946 1209 nectitur
963 1142 1059 1210 oratio
1078 1165 1132 1228 per
1150 1145 1389 1212 coniunctionem

225 1237 340 1320 ὁπότε,
355 1246 597 1328 quondoquidem.
628 1245 702 1309 Nam
722 1245 802 1328 quod
822 1245 859 1310 ab
879 1245 946 1328 ipso
962 1245 1170 1331 Theophrasto
1190 1251 1298 1314 lactum
1318 1259 1390 1326 erat,

227 1348 255 1411 id
274 1347 311 1412 ab
330 1348 394 1411 aliis
413 1347 609 1430 scriptoribus
630 1349 838 1434 Theophrasto
864 1350 1052 1415 inlerioribus
1072 1353 1182 1416 lactum
1204 1373 1271 1416 esse
1289 1352 1390 1418 minus

226 1453 358 1534 prolecto
374 1450 541 1514 mirandum
557 1451 621 1515 luit.

311 1553 459 1618 llactenus
474 1553 690 1640 defll‘lrilodemi
710 1553 895 1620 testimonio:
917 1573 997 1620 nunc
1012 1556 1139 1640 reliquas
1161 1557 1327 1642 Goettlingil
1342 1577 1391 1624 ra·
1462 1627 1467 1636 ,

131 1695 134 1700 -
226 1656 321 1720 tiones
341 1655 588 1733 examinabimus,
608 1657 715 1741 quibus
742 1661 873 1724 conlisus
897 1659 1046 1724 Aristoteli
1066 1661 1167 1744 potius
1186 1680 1276 1744 quam
1291 1661 1391 1724 Theo·

225 1761 349 1844 phrasto
377 1761 459 1825 bunc
482 1759 611 1824 libellum
637 1761 826 1827 tribuendum
852 1781 919 1826 esse
949 1764 1110 1829 contendit.
1151 1763 1284 1828 Primum
1313 1763 1392 1828 onim

226 1883 299 1946 quae
314 1863 345 1928 iu
360 1864 418 1928 hoo
432 1862 529 1928 libello
544 1863 682 1929 debonis
697 1866 878 1930 matrimonii
891 1875 921 1930 et
931 1867 1092 1931 liberomm
1100 1867 1392 1950 procreationispro·

227 1975 377 2049 ponuntur
391 1987 421 2050 p.
437 1967 466 2042 5,
484 1967 521 2029 l'l
539 1985 619 2050 app:
639 1963 695 2030 καὶ
717 1959 736 2052 ἡ
759 1963 823 2030 τῶν
843 1959 965 2031 τέκνων
985 1964 1104 2054 κτῆσις
1126 1961 1165 2032 οδ
1185 1959 1393 2052 λειτουργίας

228 2061 333 2134 dassen
353 2071 393 2155 τῇ
421 2063 523 2156 φύσει
551 2063 653 2150 μόνον
667 2056 751 2134 οὖσα
771 2065 940 2153 τυγχάνει,
969 2062 1054 2134 ἀλλά
1081 2065 1141 2134 καὶ
1167 2060 1341 2158 ἀφελείας.
1370 2059 1393 2134 ἀ

226 2164 286 2253 μὲν
308 2165 369 2258 γὰρ
392 2161 433 2235 ἀν
459 2165 634 2254 δινάμενοι
662 2165 712 2250 εἰς
739 2163 924 2250 ἀδυνάτους
949 2167 1139 2260 πονήσασι,
1167 2167 1270 2237 terito
1294 2165 1392 2255 κομί-

229 2268 339 2353 ζονται
366 2269 459 2361 παρὰ
486 2269 684 2358 δυναμένων,
713 2268 950 2354 ἀδυνατοῦντες
975 2271 1010 2342 ἐν
1035 2273 1086 2364 τῷ
1119 2269 1219 2363 γήρα·
1252 2269 1323 2359 ἀμα
1356 2269 1393 2340 di

228 2373 284 2440 καὶ
308 2369 326 2464 p‘
350 2371 453 2466 φύσις
474 2371 658 2466 ἀναπληροῖ
683 2373 786 2465 ταύτῃ
808 2376 849 2465 τῇ
873 2372 1023 2464 περιόδῳ
1048 2373 1089 2442 cd
1115 2369 1169 2469 ἀεὶ
1192 2365 1293 2456 εἶναι,
1315 2371 1393 2442 ἐπεὶ

229 2469 298 2542 κατ’
319 2470 469 2564 ἀριθμὸν
490 2473 528 2545 οδ
551 2476 700 2560 δύναται,
724 2473 809 2544 ἀλλά
823 2477 909 2545 κατὰ
923 2477 963 2546 τὸ
976 2470 1086 2559 εἶδος,
1109 2481 1181 2544 tneo
1193 2497 1320 2562 prorsus
1336 2499 1394 2560 pu-

229 2599 318 2662 gnare
333 2581 373 2645 ait
394 2601 461 2646 cum
477 2582 512 2645 iis
527 2602 601 2664 quae
616 2582 856 2664 Theophrastum
877 2583 907 2646 in
926 2583 1000 2647 libro
1022 2582 1059 2646 de
1079 2583 1217 2664 coniugio
1237 2581 1394 2663 scripsisse

219 2685 428 2768 ltieronynus
448 2689 538 2750 rolort
555 2686 619 2750 adv.
639 2685 778 2750 lovinion.
798 2687 819 2762 l,
839 2688 879 2749 47
895 2707 924 2768 p.
940 2686 1002 2749 315
1018 2687 1109 2749 blatis
1121 2703 1215 2768 porro
1231 2683 1393 2748 liberorum

229 2807 319 2852 τοιαα
332 2807 459 2853 sonorem
474 2791 593 2864 elucere,
613 2800 644 2853 nt
660 2790 706 2853 vel
718 2809 824 2854 ιιοιοτνι
838 2801 972 2854 acumem
986 2809 1047 2854 νιοιι
1059 2791 1196 2859 intereat,
1211 2787 1259 2850 vel
1282 2787 1392 2850 habco·

228 2912 293 2956 οιιιτ
307 2895 458 2955 scaenicis
468 2894 620 2976 pracsidio
639 2905 665 2956 et
680 2895 765 2957 certis
783 2906 904 2956 ιιιιιοιιιν
923 2891 1086 2964 heredibus,
1106 2890 1323 2955 stolidissimum
1342 2900 1392 2952 est.

181 3001 184 3007 '
229 2994 308 3070 Quid
321 2997 400 3058 naim
415 2995 454 3057 od
468 3013 522 3057 νιοι
534 2999 659 3076 pertinet
672 2997 835 3059 recedentes
849 3015 865 3058 a
879 2997 1003 3068 οιιινιδο,
1022 2998 1050 3058 si
1066 2996 1182 3057 nomine
1204 3004 1304 3057 nostro
1319 2993 1395 3057 olim

230 3101 411 3162 nontinetnr:
431 3117 520 3180 pttttnt
539 3110 565 3160 et
579 3098 659 3179 filices
678 3117 737 3162 non
756 3103 853 3162 stetim
865 3101 961 3182 petris
976 3097 1151 3162 uocobolnm
1171 3101 1291 3181 reserat,
1307 3110 1333 3161 et
1347 3101 1395 3160 in-

232 3200 430 3264 numerabiles
444 3203 510 3274 sint,
526 3205 577 3284 pei
589 3203 687 3264 eodem
702 3202 887 3285 appellenntr
906 3201 1044 3266 nomine?
1080 3203 1136 3266 Ant
1154 3221 1228 3285 pune
1246 3205 1395 3265 senectmis

232 3303 349 3367 aemilio
362 3314 440 3376 ιιινιι,
454 3307 586 3367 eremrirc
600 3305 680 3368 ‹lomi
689 3309 740 3387 qni
749 3316 800 3368 ιιιιι
810 3309 900 3389 prior
911 3317 938 3368 te
950 3308 1028 3388 sorte
1039 3307 1195 3377 οιοτδοιιιτ,
1208 3314 1259 3367 cart
1269 3323 1393 3388 peruer-

232 3411 353 3472 sissimis
378 3411 414 3470 n't
440 3406 594 3472 annathon?
619 3421 670 3472 οιιι
695 3418 770 3471 certe
794 3429 883 3492 poesin
909 3410 949 3472 ml
966 3420 1118 3473 mutierem
1138 3418 1260 3472 oetatem
1273 3411 1394 3482 οοιττὶι,

234 3515 317 3579 tarde
335 3516 364 3578 ei
377 3514 505 3578 eidemin
519 3509 617 3576 onorii
646 3512 739 3577 litiam
756 3512 811 3577 alia
826 3513 930 3578 eodem
946 3512 1021 3578 libro
1037 3532 1054 3577 a
1069 3513 1276 3597 Theophrasto
1290 3513 1395 3597 dispu-

234 3630 291 3684 tata
305 3639 373 3684 esse
386 3619 423 3683 de
438 3617 635 3692 matrimonio,
650 3636 726 3700 quae
740 3635 866 3701 prorsus
880 3615 1057 3682 abhorreant
1070 3637 1087 3681 a
1103 3617 1235 3682 doctrina
1249 3617 1395 3683 Aristote-

233 3724 285 3801 lis,
299 3724 349 3808 qui
366 3723 491 3807 sapienti
505 3731 535 3786 et
548 3740 650 3784 amore
670 3722 726 3786 lrui
744 3731 774 3785 et
787 3721 886 3786 liberis
905 3739 1029 3802 operam
1044 3720 1115 3784 dare
1129 3729 1159 3785 et
1173 3719 1395 3785 matrimonium
1445 3737 1448 3744 ⁴

233 3829 305 3894 inire
321 3847 382 3892 non
398 3825 563 3911 permiserit
578 3824 669 3889 modo
680 3826 733 3890 sed
749 3825 876 3890 suaserit
889 3824 990 3890 etiam:
1011 3843 1085 3907 quae
1100 3825 1199 3889 omnia
1214 3842 1300 3888 secus
1315 3823 1395 3887 The·

233 3934 421 4016 oplrrastunn
436 3931 519 3996 cuius
534 3931 577 3995 rei
592 3939 697 3995 testem
713 3929 781 3994 citat
795 3929 877 4011 lliog.
892 3931 986 3994 baert.
1002 3925 1036 4005 t,
1052 3929 1103 3992 51.
1115 3964 1156 3976 -
1167 3929 1253 4010 Atqui
1268 3928 1315 3994 bio
1328 3929 1396 4012 qul·

199 4037 201 4040 ’
234 4036 300 4098 dem
313 4033 395 4097 testis
406 4032 502 4097 nullus
514 4041 573 4096 est:
589 4032 661 4096 nihil
676 4031 754 4097 enim
771 4048 865 4114 neque
879 4031 1016 4095 hocloco
1031 4049 1128 4114 neque
1139 4030 1169 4094 iu
1181 4032 1264 4096 omui
1278 4033 1324 4097 illa
1339 4033 1396 4097 rita

235 4134 429 4216 Theophrasti
444 4137 566 4201 relatum
582 4135 716 4217 legimus,
730 4152 765 4197 ex
780 4151 839 4215 quo
855 4131 924 4216 quid
940 4133 988 4196 hic
1002 4134 1039 4198 de
1054 4133 1244 4198 matrimonio
1259 4134 1397 4199 statuerit

235 4247 444 4318 cognoscatur:
459 4237 517 4300 nisi
532 4239 608 4301 torte
622 4254 657 4299 ex
672 4235 735 4299 eius
751 4243 941 4310 testamento,
957 4235 1040 4300 cuius
1056 4235 1094 4300 ibi
1109 4236 1277 4319 exemplum
1292 4255 1309 4299 a
1324 4236 1396 4300 llio-

234 4351 307 4418 pene
321 4338 450 4412 affertur,
466 4335 658 4418 Goettlinglus
674 4355 742 4400 eum
756 4355 812 4400 nec
825 4335 933 4400 liberos
953 4337 1107 4419 reliquisse
1122 4345 1152 4402 et
1165 4341 1292 4404 lortasse
1307 4338 1395 4402 etiam

235 4435 378 4500 coelibem
392 4437 499 4502 vixisse
513 4437 636 4521 collegit.
673 4438 738 4502 lloc
756 4446 853 4503 autem
875 4455 963 4520 quam
981 4440 1044 4503 less
1057 4440 1098 4504 sit
1111 4457 1174 4505 non
1189 4459 1266 4525 opus
1281 4447 1328 4504 est
1341 4441 1395 4504 de·
1464 4453 1471 4516 f
