3078 4954
715 499 917 598 ...ill-.-

226 703 256 754 et
270 691 388 770 ineptae
401 696 432 749 et
445 686 578 769 Aeschyli
594 685 714 768 qrridenr
729 695 824 749 aetate
838 686 1081 768 prudentioribus
1102 688 1242 753 omuibus
1263 709 1400 755 summo·

223 811 297 874 pere
316 787 511 873 improbatae,
526 788 588 852 risu
604 788 704 870 potius
720 797 770 852 aot
782 798 964 870 comtempto
980 809 1068 871 quam
1080 791 1161 855 cultu
1172 801 1202 854 et
1212 795 1401 858 ueneratione

223 895 348 975 dignum
371 893 586 976 preponebant
631 891 673 955 lle
698 892 746 954 illo
767 902 865 954 aunem
885 892 952 954 lore
973 893 1148 976 Aeschyleo,
1169 896 1302 975 quamvis
1321 905 1401 959 esset

221 1017 273 1071 eo,
301 1015 390 1078 quem
416 995 585 1078 philosophi
612 992 761 1066 dicebant,
788 993 937 1074 aliquanto
958 995 1093 1070 inlerier,
1118 1006 1279 1077 potuerunt
1298 1007 1398 1061 tamen

220 1100 360 1180 prolecto
381 1119 415 1162 ea
436 1099 536 1160 ursinis
551 1095 726 1179 praedicari,
748 1115 823 1176 quae
837 1095 1027 1160 llermannus
1048 1100 1257 1164 tantummodo
1277 1100 1315 1163 de
1330 1101 1397 1164 uni-

221 1220 307 1265 versa
328 1201 425 1265 divina
444 1211 548 1263 natura
568 1209 618 1262 aut
636 1199 673 1261 de
692 1198 755 1273 tali,
774 1199 888 1279 qualem
905 1199 1062 1264 Christiani
1083 1201 1220 1276 colimus,
1235 1202 1291 1265 deo
1319 1203 1396 1266 acci-

220 1303 333 1387 pienda
348 1323 415 1367 esse
430 1301 582 1384 opinatur:
602 1301 631 1363 in
648 1319 708 1383 quo
729 1312 871 1382 quantum
888 1301 1065 1366 aberraverit
1083 1302 1120 1367 ab
1135 1304 1269 1387 Aeschyli
1296 1315 1396 1368 mente

218 1407 286 1489 ipsa
307 1405 354 1470 illa
374 1407 432 1468 duo
453 1405 565 1469 cantica
580 1403 768 1467 manilestum
784 1403 901 1468 lacieot
945 1405 1020 1469 Nam
1040 1405 1071 1469 in
1086 1408 1187 1486 bgana.
1204 1427 1230 1470 r.
1251 1409 1310 1470 ¹55
1326 1427 1392 1490 sqq.

218 1507 410 1589 apertissime
425 1507 582 1581 indicatur,
603 1517 671 1570 anto
685 1507 782 1568 lovem
799 1507 894 1582 illum,
916 1527 1004 1589 quent
1024 1509 1133 1572 chorus
1149 1519 1208 1572 tam
1226 1510 1282 1592 piis
1297 1511 1393 1592 preci·

218 1610 279 1674 bus
305 1611 436 1684 inuocat,
462 1611 541 1673 dues
566 1609 640 1673 alios
667 1609 760 1674 luisse
786 1609 888 1673 mnndi
915 1610 1073 1685 dominos,
1094 1612 1226 1675 liranum
1254 1611 1393 1694 primurn,

216 1703 315 1789 ὅστις
337 1706 508 1796 πάροιθεν·
529 1698 568 1797 ἦν
588 1705 702 1795 μέγας,
716 1732 743 1776 ν.
764 1711 1008 1786 retardando
1030 1714 1207 1791 Saturnum,
1227 1707 1266 1792 ὃς
1286 1707 1393 1779 ἔπειτ’

217 1806 295 1903 ἔφυ,
312 1835 338 1878 ι.
356 1816 423 1890 tun,
438 1815 536 1878 iorem
554 1825 653 1879 nutent
666 1815 783 1879 tertium
796 1815 935 1891 extitisse,
959 1817 1098 1880 rictorem
1111 1819 1285 1892 decessoris,
1299 1839 1392 1904 τρια-

214 1916 336 2005 κτῆρα,
352 1929 382 1983 ot
397 1928 554 2002 propterea
570 1912 756 1996 ἐπινικίοις
770 1919 987 1994 celebrandum,
1003 1941 1028 1982 ι.
1049 1921 1122 1996 167;
1143 1930 1177 1984 ut
1191 1919 1253 1984 iure
1276 1920 1391 1983 mireris

214 2022 293 2085 inre
309 2033 371 2085 tarsi
384 2021 537 2086 manifesta
552 2041 685 2085 errorent
701 2021 836 2102 cuiquam
857 2021 943 2084 obiici
959 2022 1092 2104 putuisse
1113 2023 1159 2086 illa
1180 2023 1319 2100 lonuula,
1334 2041 1390 2105 qua

212 2125 328 2187 chorus
347 2123 378 2188 in
399 2125 563 2188 insecundo
579 2125 684 2200 utitur,
710 2119 794 2201 Zeis
816 2115 912 2200 ὅστις
933 2115 1015 2186 πότ’
1037 2118 1140 2202 ἐστιν,
1166 2144 1255 2207 quae,
1276 2124 1389 2188 etiamsi

213 2226 349 2308 prrtnerlt
369 2226 508 2308 usurpari
527 2227 564 2290 dc
586 2227 634 2290 ille
650 2225 811 2288 llrmronui
831 2225 887 2288 deo
909 2225 1043 2288 universe
1061 2226 1154 2300 dicto,
1173 2227 1271 2289 locum
1288 2236 1387 2290 tamen

213 2327 344 2392 hala-bat
358 2329 445 2392 etiarn
461 2329 490 2392 in
507 2329 612 2410 «pueris
628 2347 689 2392 uno
699 2328 736 2391 de
747 2326 935 2409 popularium
946 2325 1069 2391 deorum
1082 2347 1216 2403 numero,
1226 2337 1387 2410 etusurpa·

212 2431 305 2495 batur
330 2430 367 2496 ab
390 2432 562 2516 homiuibus
588 2429 748 2512 religiosis,
775 2429 825 2512 qui
855 2429 977 2492 nomina
1004 2431 1127 2494 deorum
1154 2430 1191 2493 ab
1216 2431 1386 2495 hominibus

212 2543 331 2598 mutum
347 2535 486 2619 imposita
501 2555 568 2596 esse
588 2543 772 2616 reputarent,
799 2551 894 2614 neque
912 2532 980 2596 seiri
996 2551 1095 2613 pesse,
1111 2543 1267 2615 acceptans
1281 2534 1337 2597 diis
1357 2543 1385 2596 ct
1500 2615 1502 2620 Ι

209 2648 337 2701 naturae
362 2657 466 2702 eortina
493 2637 695 2701 convenientia
721 2646 833 2710 essent,
859 2635 887 2699 id
903 2637 984 2717 quod
1004 2635 1091 2699 etiarn
1119 2635 1175 2718 ipsi
1196 2636 1279 2700 chori
1300 2637 1386 2699 rerln

209 2738 390 2820 signilirant,
405 2733 436 2805 ci
450 2733 520 2804 τόδ’
542 2731 634 2824 αὐτῷ
649 2731 749 2826 φίλον
763 2733 959 2824 κεκλημένῳ,
981 2732 1082 2802 τοΐτό
1096 2759 1148 2801 νιν
1162 2733 1384 2823 προσεννέπω.

210 2840 246 2903 ln
264 2841 454 2924 Supplicibns
474 2852 571 2905 autern
587 2863 613 2904 ν.
630 2842 692 2904 519
707 2861 774 2924 sqq.
795 2842 922 2904 eundern
943 2841 1045 2915 deurit,
1070 2841 1119 2922 qui
1141 2850 1173 2905 ut
1198 2833 1283 2918 ἅναξ
1304 2833 1385 2905 ἀνά-

210 2963 312 3020 κτων,
334 2938 494 3028 μακάρων
506 2939 719 3028 μακάρτατος
733 2941 792 3008 καὶ
812 2939 931 3008 τελέων
943 2937 1143 3006 τελεώτατον
1165 2937 1283 3026 κρότος
1297 2945 1383 3008 inru-

151 3069 153 3072 ·
208 3053 307 3119 catur,
323 3043 353 3107 io
369 3045 475 3109 eodcm
490 3047 605 3110 caustico
620 3048 729 3110 chorus
745 3047 966 3127 progenitorem
983 3063 1068 3107 suum
1089 3055 1118 3108 et
1132 3046 1180 3108 lus
1195 3039 1382 3133 ἒφάπτορα,

209 3167 239 3210 r.
257 3149 333 3221 530,
347 3148 482 3230 appellat,
499 3149 657 3229 multisque
668 3148 764 3212 verbis
781 3149 828 3212 los
844 3165 1015 3220 aerumnas,
1032 3157 1154 3229 propter
1176 3148 1264 3212 liuius
1287 3150 1381 3232 ipsius

210 3248 293 3314 lovis
308 3269 441 3314 aratorem
456 3251 624 3324 exantlatas,
638 3251 835 3332 auxiliumque
851 3252 968 3314 tandem
984 3249 1021 3312 ab
1037 3251 1140 3312 eodem
1153 3251 1179 3313 ei
1194 3252 1283 3315 latum
1296 3273 1380 3316 com·

209 3363 362 3416 meruerat
380 3371 405 3416 v.
427 3353 498 3416 billi.
544 3351 618 3416 llinc
643 3363 777 3436 apparet,
803 3372 895 3416 onum
917 3351 1010 3415 ubivis
1030 3353 1172 3434 heschylu
1188 3354 1284 3418 lovem
1306 3377 1380 3432 esse,

209 3455 335 3518 Satund
350 3466 379 3519 et
394 3455 493 3520 libone
508 3455 609 3532 tilinnr,
625 3456 716 3539 patris
731 3469 761 3519 et
776 3455 913 3520 Titanum
927 3455 1076 3529 rictorem,
1092 3457 1259 3521 Promethei
1275 3458 1378 3522 aduer-

207 3558 335 3632 sarium,
351 3559 400 3622 lus
419 3567 597 3635 amatorem,
622 3559 748 3625 eundem
764 3559 906 3641 denique,
922 3579 1009 3642 «poem
1026 3559 1219 3624 Prometheus
1235 3560 1265 3624 in
1281 3561 1376 3626 rabula

207 3661 392 3744 cognomine
407 3662 568 3728 rnnlodictis
585 3663 745 3729 insectatur
766 3663 945 3746 exitiumque
960 3662 986 3727 ei
1003 3662 1132 3727 minatur
1153 3663 1188 3726 ad
1209 3665 1375 3746 exemplum
1405 3717 1408 3722 .

205 3783 326 3840 eurum,
342 3765 393 3846 qui
408 3775 475 3829 ante
485 3767 584 3850 ipsunt
600 3765 793 3848 regnaverint
837 3766 892 3830 llic
907 3767 983 3830 idem
999 3777 1053 3845 est,
1068 3785 1130 3831 neo
1145 3767 1229 3842 allus,
1245 3768 1301 3842 „dc
1315 3787 1375 3850 quo
1435 3835 1436 3838 ,

204 3867 264 3930 illis
280 3867 310 3930 in
326 3868 460 3934 uersibus
470 3869 631 3952 lleschplus
647 3891 763 3935 summa
783 3871 942 3936 reverentia
957 3869 1100 3952 loquitur,
1121 3889 1212 3951 aeque
1231 3879 1263 3933 ut
1289 3871 1375 3935 Chri·

199 3967 306 4045 stiaoi,
320 3971 568 4051 perfectissimum
584 3981 614 4036 et
628 3973 851 4038 sanctissimum
867 3991 977 4036 nornen
994 3979 1166 4036 venerans‘·
1196 3971 1310 4047 Quodsi
1328 3975 1373 4038 cui

202 4081 307 4134 mineo
328 4091 459 4156 pugnare
481 4073 558 4138 inter
577 4095 610 4138 se
626 4075 760 4139 videntur
779 4075 851 4139 hacc
873 4073 1079 4158 perfectissimi
1106 4073 1152 4137 dci
1178 4074 1324 4140 sonnatio
1344 4085 1373 4142 et

200 4171 263 4234 ista
287 4191 387 4238 mrum
414 4176 610 4242 talnrlosarunr
636 4175 899 4256 wmmcnroratio,
930 4195 991 4240 non
1021 4176 1199 4240 intercedam
1224 4177 1370 4258 equidem,

199 4276 366 4356 meminus
381 4277 406 4340 is
421 4279 596 4364 Aeschylum
612 4279 803 4364 repugnantia
818 4288 849 4344 et
863 4299 968 4362 parum
980 4278 1178 4345 convenientia
1190 4297 1370 4363 componere

198 4385 232 4440 et
258 4376 413 4442 conciliare
438 4397 499 4444 troo
520 4391 598 4448 reeta
611 4391 750 4448 cenatum
773 4402 841 4448 esse
862 4391 978 4466 arguat:
1008 4383 1084 4448 does
1106 4393 1204 4448 autom
1226 4383 1368 4475 hescbplo

196 4479 286 4544 loves
303 4478 461 4546 coecum
475 4500 563 4548 uerno
577 4484 703 4563 audebit,
718 4485 776 4552 uisi
792 4485 843 4570 qui
856 4487 920 4552 eius
935 4485 966 4552 in
981 4487 1139 4552 tractandis
1154 4487 1246 4552 rebus
1262 4485 1367 4552 divinis
