3092 4964
669 415 730 482 tut

123 603 324 678 descn'batda,
337 613 380 680 ut,
393 605 419 668 si
430 623 522 670 uuum
533 605 610 668 male
622 605 754 680 oesseait,
767 605 826 668 icoc
838 604 979 668 damnum
993 603 1175 686 reliquuntur
1189 603 1289 665 huetu
1310 611 1340 665 ιι

123 709 281 773 summi
295 709 400 792 possit.
430 707 886 790 Philodemidehocpraeeepto
900 705 1288 789 iudidumapudGuettliu·

123 813 205 894 giuus
220 813 261 877 ita'
273 813 416 896 scriptum
431 823 523 877 estat:
538 807 788 900 φιλοχρημάτου
802 808 842 876 de'
855 807 895 875 sd
908 810 1085 896 παραινεῖν
1097 805 1165 872 coir
1179 799 1289 893 irrup-

121 909 246 996 χόπιον
259 909 367 981 atsto
379 911 423 980 uri
436 909 591 1002 κάρπιμα
601 911 669 979 τῶν
682 907 853 1002 ἀκάρπων,
872 905 956 998 εἴγε
968 909 1014 978 τὰ
1027 907 1216 998 πραοοόικά
1229 907 1288 976 καὶ

123 1011 302 1108 ἆπρόαοδα
314 1011 408 1084 τοῦτ’
423 1011 550 1104 fieres·
564 1021 657 1104 (qood
672 1019 740 1084 lecit
752 1019 831 1083 haud
845 1018 946 1082 dubie:
960 1017 1014 1082 sed
1028 1037 1118 1100 mum
1131 1017 1203 1081 ieris
1216 1017 1289 1080 haee

123 1125 317 1206 reprehensio
336 1123 391 1200 sit,
410 1142 500 1188 nemo
518 1143 582 1188 non
596 1125 695 1202 ridet)
714 1115 745 1188 ei
760 1117 822 1208 peip
834 1117 880 1186 rei
890 1115 1052 1208 χρήσιμα,
1065 1115 1124 1184 καὶ
1140 1111 1288 1206 ἄχρηστα
1391 1166 1395 1173 .
1418 1187 1422 1194 ,

124 1223 259 1305 κοινῶς·
283 1219 473 1306 πόηιινὲοι
498 1224 553 1292 dei
566 1223 714 1314 χρήσιμα
731 1221 888 1304 aelmon,
910 1219 968 1288 aei
989 1217 1097 1311 μηδὲν
1116 1213 1287 1308 ἄχρηστον.

124 1329 250 1396 hilerim
269 1324 458 1408 memhri,ci
478 1327 541 1418 γὰρ
556 1366 598 1378 -
617 1327 750 1408 κοινῶς,
768 1331 849 1394 hune
868 1347 991 1394 mom
1006 1327 1203 1409 Goettlingius
1223 1345 1289 1390 esse

124 1435 198 1500 out:
211 1441 258 1500 se's
273 1456 343 1501 ocra
355 1429 530 1524 χρήσιμα
543 1436 676 1519 isteiitpit
687 1431 736 1500 ed
749 1425 878 1520 nuperi
880 1453 946 1517 μα,
960 1432 1079 1498 inutilia
1089 1442 1157 1497 αοιι
1168 1434 1287 1495 oresium

124 1559 199 1622 pune
217 1541 306 1604 dicit:
331 1541 363 1604 in
381 1560 440 1624 quo
455 1540 612 1604 umbonum
631 1549 770 1604 contestu
784 1538 953 1604 adverbium
969 1542 1089 1602 ικκικν
1106 1553 1169 1600 non
1188 1545 1289 1617 potest

125 1661 187 1706 nou
201 1663 258 1727 pro
272 1665 309 1707 eo
324 1644 430 1727 accipi,
448 1643 530 1727 quod
548 1654 595 1706 est
605 1643 695 1726 plesse
710 1643 754 1706 sel
772 1647 883 1726 etipse:
908 1663 969 1724 quo
983 1659 1077 1705 sensu
1090 1641 1212 1716 κοινῶς
1225 1655 1288 1702 nou

125 1746 239 1810 dicitnr.
273 1746 374 1829 Neque
395 1767 466 1812 sero
489 1737 637 1833 ι’ἱχρηοτα
661 1743 765 1828 plurali
789 1765 915 1810 numero
937 1755 1017 1809 recte
1040 1745 1171 1826 positum
1196 1741 1288 1805 sideri

125 1859 232 1931 potest,
245 1868 336 1932 quom
352 1851 433 1932 quod
447 1859 532 1914 autea
546 1850 658 1914 dictum
672 1858 728 1922 est,
741 1845 783 1913 sd
797 1847 982 1934 παραινεῖν,
996 1847 1176 1930 singularem
1188 1845 1288 1928 potius

124 1953 261 2034 requirat
289 1953 435 2036 Equidem
448 1971 512 2016 nou
525 1951 628 2017 dubim
641 1952 715 2035 quiin
729 1951 768 2014 ita
787 1951 836 2014 hic
853 1951 937 2014 locrus
956 1950 1131 2014 adibendus
1149 1960 1180 2012 et
1198 1949 1289 2011 inter-

125 2055 302 2139 pungendus
313 2057 366 2121 sit:
381 2047 413 2120 ei
426 2051 489 2141 γὰρ
498 2051 543 2121 rei
552 2049 698 2142 χρήσιμα
711 2049 770 2118 καὶ
781 2044 938 2140 ἄχρηστα,
953 2050 1073 2131 κοινῶς
1087 2047 1200 2126 πάηαι
1213 2048 1288 2126 eldat

124 2153 271 2247 χρήσιμα
290 2153 434 2224 κελεύειν
452 2155 511 2223 καὶ
523 2155 627 2246 μηδὲν
639 2151 812 2244 ἄχρηστον,
828 2159 896 2222 he.
911 2163 1023 2222 auersi
1040 2152 1087 2221 ari
1106 2149 1290 2240 κάρπιμα

125 2277 152 2326 et
164 2261 213 2328 rri
226 2255 389 2350 ἄκαρπα
402 2282 477 2336 soa,
495 2274 529 2326 ιιι
540 2282 634 2346 supro
647 2275 795 2344 sumptum
809 2273 863 2334 est,
882 2264 1037 2344 [mucosa
1051 2274 1079 2326 et
1091 2262 1288 2342 infructuoso,

125 2369 176 2430 sed
189 2367 359 2451 simpliciter
371 2365 457 2430 utilio
471 2377 498 2428 ει
511 2364 630 2428 instilis
644 2366 720 2427 dicit
736 2367 773 2448 (a.
788 2364 916 2444 intellepi
928 2364 1045 2446 coluit),
1060 2362 1181 2428 deiciet
1191 2367 1288 2446 potius

125 2469 180 2534 loc
191 2473 335 2555 praecipi,
350 2482 384 2534 ιιι
397 2473 496 2532 osseis
510 2472 543 2530 iss
556 2471 728 2532 uuiversum
739 2467 823 2531 stilio
834 2479 925 2530 essem
938 2479 966 2531 et
975 2467 1051 2530 aiiii
1063 2467 1174 2530 inutile.
1201 2465 1287 2542 Quod

127 2572 321 2654 Goettlingius
337 2573 367 2636 in
383 2571 603 2654 interpretando
617 2574 664 2632 sis
679 2589 749 2634 uero
764 2571 866 2654 posuit
879 2589 935 2653 pro
950 2591 987 2636 eo
1002 2571 1081 2653 quod
1097 2569 1287 2632 Philodemus

126 2673 199 2739 dixit
213 2666 244 2738 ei
258 2668 329 2758 γάρ,
344 2673 459 2740 edumei
473 2673 687 2756 reprehendere
700 2673 781 2752 nolo,
797 2673 896 2736 minos
910 2681 1009 2738 tamen
1023 2683 1158 2738 aecumte
1167 2683 1286 2736 sentem

127 2777 232 2840 darom
249 2775 462 2840 connexionem
476 2775 634 2860 expressit,
653 2795 727 2858 quae
741 2793 802 2840 non
822 2777 1002 2842 adrermtiva
1020 2777 1072 2840 scd
1091 2775 1217 2839 montis
1234 2784 1288 2837 eet

126 2877 273 2942 Nimirum
293 2878 414 2944 aiteram
437 2881 594 2945 sericorum
620 2873 774 2964 κάρπιμα
798 2890 827 2943 et
849 2869 987 2966 ἄκαρπα
1010 2878 1288 2962 ἰαιεηιιειιιίοαεαι,

126 3001 214 3065 quam
233 2981 333 3066 priore
351 2983 419 3048 loco
438 2983 553 3067 posuit,
573 2983 764 3048 Philodemus
782 2985 927 3048 seriorem
946 2985 1002 3049 sihi
1031 2984 1121 3047 sideri
1145 2983 1290 3066 signifieat

126 3105 191 3150 eom
206 3085 246 3150 ob
260 3105 393 3164 cauum,
411 3087 533 3170 quodsi
548 3087 635 3152 altera
651 3087 710 3162 illa,
729 3106 817 3171 qoam
833 3089 999 3172 posteriore
1012 3091 1079 3154 loco
1093 3089 1193 3172 ponit,
1212 3087 1289 3153 aeci·

126 3189 236 3273 piatur,
256 3191 454 3275 Theophrasti
473 3201 666 3284 praeceptum
685 3189 774 3274 plane
792 3192 954 3258 absurdum
970 3191 1023 3270 sit;
1045 3211 1187 3275 apparere
1210 3191 1290 3256 euius

125 3312 188 3357 nou
207 3295 267 3359 hoc
285 3295 414 3380 praecipi
432 3295 585 3372 debuisse,
605 3305 639 3360 ut
656 3296 740 3379 plura
759 3296 821 3360 siut
837 3297 918 3362 utilia
936 3317 1024 3380 quam
1044 3295 1168 3372 inutilia,
1187 3297 1239 3360 scd
1258 3307 1291 3360 ut

126 3397 226 3462 omnia
241 3399 336 3476 utilio,
351 3399 423 3464 uilril
437 3412 534 3466 autem
549 3400 651 3465 inutile
665 3399 714 3464 sit.
743 3399 880 3466 (ἔειεπιιο
895 3403 1008 3484 quoda
1027 3419 1077 3464 me
1096 3400 1228 3485 positum
1246 3411 1291 3464 est

126 3495 240 3576 πάνμι
252 3499 341 3580 ildrr,
360 3502 448 3566 etiam
463 3505 500 3568 ad
515 3504 644 3587 spatium
659 3503 779 3568 lacunae
797 3505 901 3570 melius
917 3505 1064 3580 consulit,
1084 3522 1173 3586 qnam
1189 3503 1291 3568 Goett·

125 3605 206 3686 liugii
226 3600 415 3685 mdvlropdp]
436 3602 501 3670 dei:
527 3625 595 3670 nam
616 3625 707 3689 quum
726 3608 909 3690 Neapolitani
933 3608 1062 3671 editores
1087 3600 1220 3683 πᾶνῐιεε]
1240 3603 1291 3669 δεῖ

125 3709 312 3792 scripserint,
331 3709 434 3784 trium
455 3728 516 3774 non
531 3709 660 3793 quinque
674 3709 836 3775 litterarum
853 3712 981 3795 spatium
1000 3730 1123 3776 vacuum
1142 3711 1289 3774 inuenisse

125 3812 270 3878 videntur.

211 3916 333 3998 Reliqua
348 3916 544 4000 Theophrasti
558 3927 712 4001 praecepta
726 3918 764 3981 ad
784 3917 948 3982 custodiam
968 3917 1119 3982 honorum
1138 3927 1169 3982 et
1187 3918 1288 4000 inspe-

126 4017 253 4082 ctionem
269 4018 429 4102 pertinent,
448 4019 479 4083 iu
494 4020 603 4103 quihus
618 4019 708 4085 simul
725 4019 814 4083 etium
832 4031 917 4103 aptae
935 4021 1141 4104 dispmsitionis
1160 4020 1290 4084 mentio·

126 4137 196 4185 uem
210 4120 292 4198 [καις
311 4122 349 4187 de
362 4131 443 4186 recto
459 4141 517 4188 usn
530 4131 628 4188 autem
642 4123 738 4190 dicere
755 4123 842 4206 plane
860 4124 1068 4208 praetermisit
1103 4127 1138 4190 ln
1156 4125 1290 4190 crsstodis

92 4305 95 4312 Δ
125 4224 198 4302 τοῖς
209 4243 248 4290 re
261 4225 455 4312 Περσικοῖς,
475 4225 530 4304 ait,
553 4221 713 4317 συμφέρει
730 4223 881 4314 χρῆσθαι
901 4223 960 4293 καὶ
978 4227 1051 4307 τοῖς
1063 4228 1289 4305 Λακωνικοῖς.

126 4326 246 4393 Persica
260 4347 337 4410 quae
350 4328 428 4394 dicat
441 4345 513 4393 mos
527 4329 592 4413 ipse
605 4331 740 4416 exponit:
755 4327 908 4420 Περσικὰ
922 4327 961 4398 de’
975 4319 1016 4422 ἦν
1028 4329 1070 4400 ud
1083 4329 1197 4400 recino
1209 4326 1290 4400 ἐπι-

125 4425 259 4498 εοὶπιιν
271 4425 331 4497 καὶ
344 4421 446 4497 πάντ’
459 4423 586 4522 ἐφορᾶν
599 4425 709 4517 αὐτόν,
724 4436 805 4519 quod
820 4437 857 4500 de
870 4453 940 4520 repe
953 4437 1112 4504 Persarum
1123 4437 1290 4522 Xenophon
