3078 4954
283 1655 625 1752 lllllllllldlIONES
649 1657 972 1756 thdllEllllOlllS
995 1660 1296 1757 sustulerat.

179 1971 195 2024 t
296 1942 395 2033 iduum
411 1955 599 2038 deselrpleam
614 1959 865 2038 Agamemnonem
884 1957 944 2020 hoc
962 1957 1097 2020 semestri
1113 1959 1297 2026 auditoribus
1311 1981 1369 2026 uo·

210 2059 279 2124 stris
294 2058 536 2142 praelegererntis,
552 2077 589 2120 ne
605 2059 721 2141 saepius
736 2081 770 2125 sc
784 2061 894 2125 diutius
909 2077 997 2143 quam
1010 2061 1148 2126 vellemus
1163 2063 1193 2126 in
1207 2067 1368 2129 enrendsn·

211 2163 256 2226 dis
270 2161 343 2226 iocis
359 2161 522 2243 corruptis,
543 2159 592 2242 qui
612 2160 728 2243 plurimi
744 2173 815 2227 sunt
829 2163 860 2226 in
874 2162 930 2225 lrsc
946 2164 1049 2240 lalvula,
1065 2167 1174 2230 morari
1189 2187 1370 2250 cogeremur,

211 2265 445 2330 uenerationem
462 2263 535 2326 inire
549 2263 671 2346 placuit,
690 2277 722 2330 ut
737 2267 773 2329 de
792 2265 962 2329 huiusmodi
977 2265 1049 2328 locis
1070 2267 1210 2332 iudicium
1232 2281 1368 2336 nostrum

212 2369 287 2434 inter
300 2367 527 2452 praelegendum
543 2367 644 2450 paucis
661 2377 773 2432 tantuna
789 2367 884 2432 verbis
900 2367 1145 2448 significaremus,
1161 2376 1368 2442 accuratiorem

211 2484 307 2536 autem
332 2471 560 2555 disputationem
586 2470 737 2552 proximae
763 2471 915 2554 scriptioni
939 2473 1120 2536 academicae
1142 2492 1369 2557 reservaremus,

212 2595 284 2656 «puae
303 2575 492 2639 hibernarum
513 2573 680 2643 sclrolarum
699 2575 786 2638 indici
806 2573 1019 2656 praemittentis
1038 2586 1126 2639 essct.
1174 2579 1225 2644 Sic
1243 2581 1321 2644 enim
1342 2593 1371 2645 et

212 2687 330 2740 nocuae
344 2687 374 2740 ct
387 2675 554 2739 auditorum
571 2676 771 2739 commoditati
791 2677 896 2740 melius
917 2676 1072 2740 consulere
1086 2676 1269 2758 videbamur,
1283 2701 1370 2765 quam

210 2779 235 2841 si
255 2777 424 2842 intenuisso
444 2777 602 2842 identidem
623 2777 872 2862 interpretationis
893 2797 983 2842 eursu
997 2779 1034 2842 sd
1054 2779 1169 2844 criticas
1185 2787 1370 2864 quaestiones

210 2881 438 2956 deverteremus,
458 2879 634 2962 animosque
653 2889 733 2944 totos
755 2880 846 2944 modo
866 2881 897 2944 in
916 2881 1186 2962 praestantissimae
1206 2887 1370 2966 tragoediae

209 2982 364 3046 virtutibus
384 2982 496 3045 deliros
515 2983 613 3044 subito
633 2983 668 3045 ad
690 2983 836 3046 minutum
857 2981 915 3044 lroc
929 2991 958 3044 et
977 2981 1133 3064 spinosum
1153 3003 1246 3064 genua
1266 2988 1370 3068 dispu-

209 3085 287 3148 tandi
303 3101 506 3157 evocaremus,
524 3101 558 3145 se
577 3101 633 3163 pro
654 3083 762 3145 summi
782 3092 884 3164 poetae
900 3080 1030 3145 versibus
1050 3082 1234 3147 librariorum
1255 3105 1371 3150 errores

209 3184 401 3264 codicumque
421 3182 525 3246 sordes
546 3191 746 3245 tractmemus.
792 3183 932 3256 Quamvis
957 3183 1036 3245 cuius
1062 3183 1169 3245 multas
1189 3187 1370 3266 corruptelas

209 3283 395 3366 superiorum
411 3283 579 3346 criticorum
594 3283 721 3346 sollertis
736 3283 793 3346 iarn
809 3283 974 3356 sustulerit,
996 3282 1031 3345 ad
1047 3301 1173 3364 quorum
1192 3283 1370 3365 disputatio·

208 3403 259 3450 nes
275 3385 423 3452 remittere
437 3383 584 3448 auditores
599 3385 691 3460 liccat,
707 3393 817 3448 restant
831 3393 929 3448 tamen
943 3401 1004 3446 non
1016 3383 1180 3464 pauciores,
1194 3404 1268 3466 quae
1278 3404 1369 3467 ‹pnum

209 3488 341 3552 nondum
360 3505 377 3549 a
397 3503 545 3568 quoquam
565 3485 749 3560 emendatae,
773 3485 938 3567 partimque
956 3503 995 3548 ue
1014 3483 1232 3548 animadversae
1252 3487 1369 3568 quidem
1455 3467 1457 3474 ⁵

209 3589 277 3663 sint,
292 3597 344 3652 aut
357 3587 481 3650 intactae
494 3595 523 3649 et
536 3596 675 3668 uuquam
691 3587 858 3668 desperatae
872 3585 1006 3668 relinqui,
1021 3593 1071 3650 aut
1085 3585 1167 3649 aliter
1181 3605 1270 3668 quam
1285 3607 1302 3650 a
1316 3605 1369 3652 su·

208 3689 374 3772 periorilrus
389 3689 497 3752 lactum
512 3697 558 3752 est
577 3687 683 3752 tentari
697 3687 829 3752 debeant.
859 3686 971 3752 llarum
986 3705 1075 3750 uuam
1089 3695 1177 3768 atque
1192 3687 1312 3751 alteram
1327 3689 1371 3753 sic

208 3811 262 3874 rgo
277 3791 350 3855 milri
365 3789 538 3854 emendasse
549 3789 660 3865 videor,
673 3797 706 3853 ut
720 3789 756 3852 de
768 3788 981 3852 emendationis
991 3787 1110 3852 ventate
1124 3787 1249 3850 dubitari
1263 3789 1370 3869 aperi·

209 3893 244 3956 tis
260 3902 338 3958 certe
357 3911 419 3956 uou
434 3911 525 3975 posse
541 3891 704 3968 contidam3
719 3890 750 3954 iu
765 3890 844 3968 aliis,
859 3891 885 3955 si
899 3889 998 3954 minus
1012 3889 1107 3972 ipsam
1122 3889 1272 3952 ιοιίιιιιιιι
1287 3908 1370 3952 asse-

211 4005 319 4078 quutus
333 4015 414 4072 essa,
434 3995 558 4079 propius
578 4003 677 4058 nmen
698 3997 825 4059 tortasse
844 4011 932 4076 quam
947 3991 1114 4075 superiores
1129 3990 1165 4054 ad
1184 4010 1249 4054 eam
1269 4009 1370 4055 acces-

209 4099 285 4164 sisse
310 4099 469 4164 iuclicalvor.
510 4098 659 4176 Quoniam
680 4109 778 4163 autern
800 4115 862 4161 nou
888 4094 983 4160 doctis
1004 4094 1101 4157 solum
1124 4101 1153 4158 et
1174 4092 1292 4176 peritis,
1317 4095 1369 4157 sed

211 4201 355 4266 tironibus
374 4219 492 4285 quoque
510 4221 663 4286 uunquam
681 4201 804 4266 autenm
822 4199 853 4264 iu
869 4195 1003 4280 Aeschyli
1020 4195 1145 4262 lectione
1162 4194 1284 4260 versatis
1298 4195 1371 4261 haec

212 4303 371 4387 disputatio
390 4305 542 4369 scdbencls
562 4306 631 4380 luit,
650 4302 815 4368 accuratius
834 4317 1047 4384 ιιοιιιιιιιιιιιιιιιι
1067 4307 1097 4364 st
1117 4297 1267 4382 copiosius
1281 4297 1370 4362 etiam
1423 4309 1424 4312 ’

212 4405 311 4472 talium
326 4407 564 4473 emendationum
578 4408 708 4474 raderes
723 4407 915 4491 exponendae
928 4423 994 4470 esse
1007 4403 1187 4480 videbantur,
1203 4419 1277 4485 quae
1291 4399 1370 4482 apud

212 4507 359 4576 doctiores
383 4509 462 4576 nulla
482 4510 733 4579 demonstratione
756 4517 884 4595 egerem
934 4507 1061 4575 Τίιοιιιι
1081 4524 1152 4572 raro
1177 4513 1245 4570 aute
1270 4501 1369 4567 emnia
