3106 4958
724 447 766 511 79

166 629 394 723 ἀρτοπώλισιν
410 635 523 719 elinque
536 635 668 700 eiusdem
683 635 797 717 generis
812 635 959 719 plebecula
974 637 1218 703 circumieraneu:
1234 658 1328 723 prop·
1347 655 1378 710 rt
1413 633 1416 642 '

165 750 210 806 ter
237 739 353 805 treudes
372 739 548 804 summissas
573 756 786 823 saepenumero
812 734 940 828 κύφωνι
966 751 996 805 et
1013 738 1122 828 τροχῷ
1145 743 1328 826 castigatum,

165 853 216 909 eut
229 843 410 910 verberatum
426 842 642 926 mellentumque
656 852 686 906 et
698 853 832 908 verutum
845 845 882 908 ub
897 845 951 921 ils,
971 845 1078 927 quibus
1098 847 1229 911 fraudem
1250 847 1328 912 lere·

165 958 225 1012 rut:
249 967 309 1032 quo
328 946 454 1030 pertinet
478 945 546 1010 iilud
570 938 676 1031 κόμην
703 938 847 1029 πώγωνά
872 938 905 1010 τ’
931 941 1165 1030 ἐκτετιλμένος.
1218 949 1326 1013 Serius

166 1051 254 1114 tuerit
268 1069 305 1115 un
319 1049 480 1124 libertinus,
494 1049 565 1112 nibil
580 1049 648 1112 lucit
663 1049 699 1114 ed
715 1068 788 1112 rem.
831 1049 933 1114 Potuit
947 1051 1026 1115 enim
1046 1061 1076 1116 et
1094 1071 1196 1115 serrus
1211 1052 1327 1116 institor

165 1173 241 1229 esse,
256 1161 286 1216 et
299 1152 463 1227 libertinus,
478 1154 550 1215 ‹turn
564 1171 602 1215 ne
616 1151 687 1216 risis
701 1159 790 1228 esset,
804 1163 928 1236 propter
938 1153 1076 1218 meleficia
1091 1173 1217 1236 corpore
1231 1154 1326 1237 plecti.

166 1255 300 1320 Eundem
326 1265 430 1339 postea
459 1255 494 1318 ml
524 1273 644 1338 mugnus
670 1274 745 1338 opes
773 1257 943 1338 pervenisse
967 1257 1078 1322 nemini
1103 1257 1212 1320 minim
1237 1256 1326 1322 rideri
1362 1337 1365 1343 ι

167 1367 280 1443 potest,
307 1358 357 1441 qui
383 1357 535 1422 libertinos
562 1357 698 1422 bominee
721 1358 882 1422 ditissimos
904 1379 1115 1443 saepenumero
1144 1362 1237 1424 tectos
1262 1379 1328 1424 esse

167 1461 344 1526 meminerit.
388 1461 427 1526 Ut
451 1480 511 1526 uno
531 1462 620 1526 rerbo
644 1461 752 1538 dicem,
772 1461 836 1526 telis
857 1464 917 1526 tere
935 1465 1057 1526 Artemo
1076 1463 1249 1546 cogitandus
1272 1473 1327 1536 est.

169 1565 285 1648 quatem
305 1563 472 1649 Crispinum
497 1564 586 1628 istum
606 1584 640 1628 ex
661 1563 794 1628 lusenule
816 1565 1034 1647 cognoscimus.
1081 1566 1154 1630 llam
1175 1566 1328 1648 Crispinus

84 1723 86 1729 .
168 1687 296 1751 quoqne,
310 1687 402 1750 quum
417 1687 520 1732 servus
535 1677 623 1742 esset,
639 1672 744 1745 (υννιια
759 1667 872 1752 Currope'
884 1669 943 1732 tm.
955 1669 976 1744 l,
991 1669 1046 1747 iti)
1065 1669 1224 1733 libertatem
1239 1679 1269 1732 et
1282 1669 1328 1732 eli·

167 1771 253 1835 vities
267 1780 370 1834 neotus
384 1778 444 1846 est,
460 1771 567 1854 quibus
582 1769 617 1834 ml
634 1770 776 1833 luxurium
791 1780 820 1833 et
834 1769 984 1834 mollitiem
1000 1771 1174 1834 abutebatur
1188 1775 1327 1835 ιιιιίυκικ

169 1873 265 1953 dipr'tr's
287 1871 459 1935 menuitur
482 1891 590 1935 αιινκιιι
616 1871 774 1942 ventilem,
799 1873 859 1934 lere
882 1883 915 1934 ut
933 1876 1053 1934 Artemo
1077 1867 1197 1954 χρύσεα
1217 1870 1329 1958 φορῶν

169 1967 369 2059 καθέρματα
399 1983 429 2036 et
450 1965 648 2059 σκιαδίσκην
669 1964 879 2059 ἐλεφαντίνην
896 1982 1023 2053 gestans.
1066 1973 1161 2037 Porro
1176 1975 1330 2056 Crispinus

170 2076 349 2140 institorium
369 2086 523 2157 quuestum
545 2079 664 2150 feeerit,
677 2073 786 2138 u'luros
804 2076 929 2138 neudms
950 2075 1022 2154 (lue.
1043 2075 1088 2149 lt,
1103 2075 1171 2153 33),
1186 2075 1328 2156 quemod-

171 2179 292 2242 mndnm
313 2181 500 2242 Artemonem
523 2195 641 2260 qunque
662 2177 691 2240 in
712 2174 799 2238 simili
819 2193 925 2256 genere
948 2184 1121 2258 occupatum
1145 2176 1328 2256 agnovimus.

170 2279 302 2360 Denique
322 2279 396 2342 eleut
414 2279 582 2361 Crispinum
601 2277 743 2341 luvenalis
768 2276 864 2340 servili
889 2287 918 2339 et
936 2277 1060 2340 barbaro
1083 2278 1182 2340 lubitu
1206 2277 1328 2349 inducit,

168 2385 269 2464 pntrr'n
279 2400 397 2464 papyro
411 2385 587 2444 modestum
607 2379 656 2454 ill,
672 2380 728 2452 2⁴,
748 2379 785 2440 itu
800 2378 952 2442 Artemoni
973 2379 1010 2442 nb
1024 2380 1205 2443 Anacreonte
1219 2379 1330 2442 servilis

171 2482 369 2558 ethelmerus,
388 2483 531 2558 nimiter,
551 2483 673 2546 restitue
694 2480 838 2544 tribuitur.
883 2481 1014 2544 l‘rimum
1034 2476 1207 2567 βερβέριον
1224 2501 1329 2564 ‹puem-

52 2582 53 2585 ’
170 2604 258 2666 quam
273 2585 343 2666 quiri
359 2585 397 2649 eit
410 2603 466 2667 pro
478 2595 558 2649 certo
573 2585 630 2648 diei
645 2603 705 2647 non
721 2592 828 2666 potest,
843 2603 942 2646 secem
959 2593 1057 2647 temen
1069 2584 1223 2648 berberem
1240 2585 1330 2648 tutem

171 2687 277 2761 iudico,
292 2695 321 2750 et
335 2687 497 2768 signitieere
511 2687 613 2769 eapitis
628 2687 775 2770 qnorlrlem
792 2697 1007 2768 tegumentum,
1027 2686 1133 2767 pileum
1149 2697 1199 2750 αα)
1213 2687 1330 2749 mitram

170 2789 207 2852 eb
226 2789 342 2852 Asianis
362 2790 462 2854 neseio
481 2791 587 2872 quibus
611 2801 661 2854 unt
679 2789 842 2854 Threcibus
860 2789 990 2853 bledesne
1009 2788 1111 2852 ricinis
1129 2789 1236 2869 gesturi
1256 2789 1330 2853 soli·

38 2959 41 2964 ,
171 2903 246 2968 mm,
266 2912 389 2975 eumque
403 2895 528 2956 tortasse
546 2892 575 2955 in
591 2892 682 2973 epicis
698 2894 822 2957 formem
838 2910 963 2974 supreme
978 2890 1166 2954 constrictum
1185 2901 1214 2955 et
1228 2910 1329 2954 enare·

172 3005 275 3070 tntnm‚
303 2989 536 3082 έσφρκαιμέναν
567 2987 730 3076 κάλυμμα.
783 2994 856 3057 rtem
883 2995 920 3057 le
943 2994 1078 3075 eorporis
1101 2994 1223 3066 amictu,
1251 2993 1330 3074 quoti

172 3097 241 3160 resti
261 3107 339 3161 arete
362 3097 623 3178 constringeretur,
647 3096 738 3159 nolim
758 3095 817 3158 boe
836 3113 903 3158 eum
924 3095 1050 3176 llergleio
1070 3095 1216 3176 recipere,
1240 3113 1331 3176 quum

173 3200 241 3280 quie
263 3193 418 3283 κάλυμμα
444 3199 623 3282 frequentius
650 3208 727 3262 certe
749 3198 786 3260 ele
814 3197 917 3278 cupitis
946 3205 1114 3278 tegumento
1136 3195 1255 3270 elicitur,
1282 3196 1332 3273 tel.

172 3303 322 3386 bristoplr.
343 3304 465 3387 Lysistr.
485 3322 512 3364 ν.
532 3302 604 3366 530.
625 3301 711 3380 532.)
731 3309 793 3364 tum
815 3301 881 3382 quie
901 3300 937 3363 rie
956 3299 1090 3382 comoris
1110 3299 1217 3362 nmietu
1238 3299 1269 3362 in
1283 3318 1332 3360 se·

161 3407 330 3488 ¹quenttbus
346 3407 463 3469 demum
480 3415 567 3487 poma
586 3405 724 3486 loquitur.
768 3397 906 3470 Ξύλινοι
928 3395 1133 3486 ἀστράγαλοι
1152 3402 1230 3464 beuti
1246 3399 1333 3465 dubie

173 3508 304 3570 tessellae
322 3518 393 3572 sunt
412 3507 534 3589 ligneae,
558 3526 613 3588 pro
638 3507 717 3571 breis
735 3516 785 3569 eut
804 3505 928 3585 geminis
952 3504 1097 3569 inaurium
1120 3525 1136 3568 u
1157 3503 1332 3586 pauperibus

173 3620 339 3692 usurpatae.
383 3609 421 3672 Et
438 3608 584 3672 inaurium
604 3627 691 3672 usum
712 3609 742 3672 in
757 3607 872 3672 Asianis
892 3607 1027 3688 gentibus
1048 3607 1135 3670 etium
1156 3607 1234 3689 apusl
1252 3607 1331 3669 viror

173 3713 339 3777 obtinuisse
361 3711 511 3785 norimus,
537 3730 628 3794 quum
656 3711 733 3793 sputi
757 3709 884 3774 Graecos
907 3710 966 3772 lere
988 3729 1004 3770 ιι
1027 3708 1196 3772 nrnlieribus
1218 3719 1331 3771 tentum

93 3891 94 3894 ρ
174 3824 366 3896 gestemntur.
410 3814 452 3878 (ll.
473 3812 603 3877 Plinii.
624 3811 803 3886 Μυῖα,
824 3813 876 3874 50.
925 3811 1064 3894 Sequitur
1083 3811 1171 3872 restis
1190 3809 1330 3884 eoriaoee,

174 3937 250 4000 quae
268 3927 299 3982 et
318 3918 381 4000 ipsu
396 3916 516 3980 Graecis
536 3915 687 3990 inusitate,
705 3917 786 3994 (nem
803 3908 976 3999 διφθέρας
989 3931 1079 3976 nemo
1094 3911 1238 3990 obiciet.)
1253 3911 1330 3994 apud

56 4026 58 4032 ‘
174 4020 316 4084 barbaros
331 4019 490 4083 nonnullos
511 4019 541 4082 in
557 4037 613 4082 usu
629 4016 719 4080 luisse
738 4017 864 4092 videtur,
879 4016 955 4080 velut
968 4015 1046 4097 apud
1062 4013 1169 4078 Perses
1184 4023 1258 4078 teste
1271 4012 1332 4076 lle·

174 4123 282 4187 melote
304 4122 316 4185 l
339 4141 404 4204 eep.
425 4123 476 4185 rt.
512 4107 680 4185 Artemonis
701 4131 798 4184 eutem
820 4119 907 4184 restis
930 4136 1022 4201 quum
1045 4107 1166 4198 εἴλυμα
1186 4107 1335 4194 α’σντέιλας

176 4225 268 4291 tuisse
289 4223 416 4301 dicutur,
438 4243 500 4288 non
521 4243 554 4288 eu
576 4221 658 4306 pellis
680 4224 832 4305 engitumln
853 4223 979 4296 ridetur,
1002 4239 1076 4303 qune
1095 4219 1211 4302 inipso
1231 4221 1332 4304 clypeo

176 4331 285 4394 lueret:
304 4328 376 4393 haee
393 4327 473 4392 enim
492 4335 522 4390 et
540 4326 669 4392 eressior
688 4327 766 4391 bruel
786 4325 873 4390 dubie
890 4325 958 4400 init,
977 4341 1068 4406 quern
1088 4332 1121 4387 ut
1138 4322 1231 4388 vestis
1250 4342 1286 4388 ex
1299 4343 1333 4386 ee

162 4429 281 4518 ‘ooniei
299 4441 414 4516 posset,
433 4448 531 4514 neque
546 4439 626 4496 recte
644 4421 764 4515 εἴλυμα
784 4427 841 4494 ilici
853 4427 964 4512 potnit,
984 4445 1078 4512 quum
1096 4445 1161 4492 non
1173 4425 1336 4492 demandet
