3106 4958
684 440 716 500 11

600 530 744 540 -n-—--
750 533 801 540 ω·-

121 627 230 704 riorus,
256 648 354 693 rerum
382 629 577 694 Troianorum
612 627 743 692 manino
774 629 949 712 habitusque
977 631 1145 695 animorum
1176 628 1281 694 obver-

120 743 242 796 seretur.

203 835 273 899 ilina
303 845 331 898 ot
360 835 537 901 incredibilis
566 834 709 917 quaedam
735 835 931 898 Troianorum
961 836 1104 917 cupiditas
1133 835 1283 917 pugnandi

118 939 204 1000 etiarn
220 938 296 1001 libro
310 937 347 1000 lli
362 955 418 1000 nos
434 936 565 1000 advertit.
610 937 703 999 lintea
718 937 807 1007 eninr,
821 957 911 1019 quum
927 939 1113 1000 convenisset
1127 939 1164 999 de
1179 939 1282 1018 singu·
1349 1003 1352 1006 ,

118 1040 170 1104 lari
186 1040 343 1105 certamine
354 1038 507 1101 Alexandri
522 1047 551 1100 et
562 1037 691 1112 blenolai,
705 1057 767 1102 non
779 1039 869 1101 modo
886 1058 1063 1121 magnopere
1074 1059 1179 1104 omnes
1191 1040 1281 1122 ganisi

118 1164 184 1206 esso
198 1143 344 1216 dicuntur,
359 1141 437 1222 quod
453 1141 681 1221 siegrariesimo
696 1140 772 1203 bello
789 1144 875 1204 tinem
892 1142 1006 1224 imponi
1021 1163 1111 1224 prosse
1122 1153 1284 1225 sperarent,

119 1246 168 1320 lli,
188 1248 256 1309 111.
276 1245 349 1320 112,
367 1246 419 1307 sed
439 1254 631 1326 posteaquam
652 1252 810 1326 superatus
825 1244 987 1308 Alexander
1000 1266 1016 1308 a
1031 1246 1174 1320 Menelao,
1194 1245 1282 1308 morti

119 1359 216 1412 antem
240 1347 362 1410 Veneris
381 1347 487 1410 auxilio
506 1358 624 1428 ereptus
639 1358 700 1419 est,
716 1356 829 1408 tantum
845 1348 936 1410 irrisae
950 1347 1073 1426 legimus
1084 1347 1282 1411 Troianorum

121 1451 150 1515 in
162 1451 358 1516 Alexandrum
373 1449 483 1524 odium,
498 1459 531 1513 ut
544 1448 670 1513 libenter
684 1469 763 1522 enrn,
778 1450 803 1512 si
818 1451 995 1532 potuissent,
1010 1450 1134 1514 dedituri
1151 1450 1284 1521 luissent,

122 1554 168 1630 ΙΙΙ,
183 1555 241 1616 451
261 1572 341 1635 sqq,
361 1552 577 1634 postulantique
597 1551 701 1615 deinde
716 1554 943 1633 Agamemnoni,
958 1573 983 1616 a.
1000 1556 1076 1628 too,
1091 1563 1124 1616 ut
1142 1573 1176 1616 ex
1198 1563 1284 1636 paeto
1376 1531 1389 1549 ¹

123 1657 260 1720 lielenam
282 1656 383 1719 victori
404 1655 539 1729 reddant,
553 1673 643 1717 nemo
658 1654 837 1736 obloquitur.
881 1657 981 1738 Neque
995 1676 1066 1720 sane
1080 1657 1203 1720 dubium
1218 1675 1285 1718 esse

122 1769 234 1841 potest,
254 1759 335 1840 qum,
361 1758 410 1838 qui
432 1757 475 1820 vel
499 1758 650 1819 interiecto
671 1757 833 1821 Alexandro
848 1760 978 1823 laetaturi
993 1761 1035 1822 ael
1056 1761 1092 1822 ad
1117 1760 1283 1823 dedendum

123 1859 215 1944 parati
232 1859 371 1932 luissent,
386 1859 551 1940 pactionem
567 1859 668 1920 saltem
690 1859 867 1940 implendam
883 1879 950 1922 esse
971 1861 1184 1924 consenserint.
1228 1861 1286 1922 Sed

123 1983 190 2028 eone
204 1961 357 2025 Pandarus
372 1969 469 2042 spreta
484 1959 611 2022 loedoria
627 1959 684 2022 tide
699 1960 833 2023 occidere
849 1961 1008 2026 llenelaum
1025 1973 1158 2037 oonatur,
1173 1969 1287 2042 gratiam

125 2067 153 2129 id
173 2084 236 2129 non
257 2062 346 2126 modo
367 2062 531 2126 Alexandro
551 2063 603 2125 sed
619 2061 757 2126 Troianis
777 2062 917 2127 omnibus
933 2066 996 2127 lore
1016 2083 1154 2145 sperans,
1174 2065 1218 2140 tt,
1232 2064 1289 2137 953

68 2163 71 2170 ’
125 2167 213 2232 oeteri
233 2177 331 2231 autern
352 2166 397 2230 aix
417 2165 526 2229 emissa
553 2165 590 2228 ab
609 2186 645 2228 eo
665 2165 768 2246 sagitta
788 2165 997 2248 vulneratoque
1017 2167 1145 2230 blenelrto
1169 2186 1289 2231 autumo

125 2290 284 2346 consensu,
299 2281 328 2333 et
341 2290 378 2332 ae
393 2278 543 2350 expectato
555 2267 673 2349 quidone
689 2267 773 2332 dunis
784 2267 918 2350 imperio,
935 2289 1015 2332 amara
1027 2269 1146 2333 Graecis
1161 2269 1291 2332 inierunt

125 2394 151 2436 a.
167 2374 240 2436 221.
284 2374 368 2435 Certe
393 2371 470 2434 nulla
490 2369 613 2432 aliotdns
631 2371 746 2454 imperii
766 2371 876 2434 mentio
897 2375 943 2447 lit,
970 2390 1066 2453 noque
1086 2370 1221 2434 credibile
1246 2381 1292 2433 est

125 2479 292 2554 lleetorem,
305 2475 355 2558 qni
369 2473 505 2538 ductabat
518 2471 691 2547 exereitum,
707 2473 751 2536 sie
769 2474 980 2556 imperatnmm
1001 2476 1106 2549 inisse,
1125 2473 1207 2537 omni
1227 2477 1291 2537 loe-

50 2581 53 2587 '
125 2581 205 2644 deris
226 2581 283 2643 lule
301 2599 336 2642 ao
354 2575 494 2656 religione
514 2574 632 2638 violatu:
653 2588 796 2657 pugnaret
816 2577 895 2641 enim
917 2577 974 2640 boo
993 2598 1060 2641 oum
1082 2577 1291 2650 viniatoribus,

127 2683 228 2766 equales
248 2683 278 2746 in
301 2691 362 2745 tota
383 2679 471 2742 lliade
497 2678 720 2759 cognoscimus,
739 2698 834 2762 neque
853 2699 983 2764 unquam
1006 2680 1194 2763 perlidiosam
1215 2679 1291 2761 parti

126 2787 313 2851 violationem
333 2806 348 2849 a
369 2801 517 2867 quoquam
544 2783 614 2847 intio
631 2783 768 2867 imputari
788 2784 930 2848 ridemus.
979 2785 1032 2848 Est
1050 2783 1136 2866 igitur
1154 2783 1241 2847 etiam
1261 2784 1291 2846 in

127 2893 182 2956 bae
196 2889 365 2956 narratione
380 2886 487 2971 aliquid
499 2885 577 2952 lrnntl
593 2885 679 2952 elulrio
694 2888 874 2952 ollendiouli:
889 2887 959 2970 quid
975 2888 1015 2952 rei
1027 2899 1124 2952 aetnnr
1140 2888 1189 2960 sit,
1204 2897 1291 2971 poeta

126 2998 228 3075 reiert3
244 3015 348 3060 causas
368 3004 466 3058 autent
480 3001 511 3056 et
524 2991 671 3068 rationes,
692 3011 744 3056 our
758 2992 802 3056 sio
815 2991 861 3074 agi
876 2993 1013 3074 potnerit,
1027 2993 1171 3075 explicaro
1186 3011 1292 3075 super·

127 3100 211 3166 sedit
267 3099 422 3164 llabebnnt
446 3116 516 3178 ergo
542 3097 591 3160 laio
614 3115 732 3181 quoquo
758 3095 945 3182 interpretes,
971 3099 1085 3182 inquo
1112 3096 1294 3161 coniectandi

128 3203 287 3270 sollertiam
304 3203 501 3282 ostendenti)
517 3210 547 3266 et
562 3221 636 3283 quae
652 3201 698 3266 illo
713 3201 828 3267 retinuit
842 3203 975 3286 potuisse
990 3211 1040 3268 aut
1055 3203 1141 3267 etiam
1157 3200 1296 3266 debuisse

128 3308 242 3373 retineri
269 3327 326 3372 nos
354 3308 504 3371 edoceant
548 3307 684 3371 Ceterum
705 3326 760 3388 ego
781 3325 901 3372 omnem
917 3308 994 3372 liano
1012 3320 1125 3390 partem
1144 3306 1258 3383 iliadis,
1277 3325 1294 3369 a
1315 3325 1344 3377 n
1417 3305 1420 3310 '

127 3413 176 3486 ill,
195 3415 233 3476 ll
249 3411 285 3475 od
300 3412 347 3486 ll',
363 3412 435 3485 tto,
449 3409 475 3474 si
490 3409 620 3486 abesset,
641 3429 705 3474 non
720 3429 898 3494 magnopere
913 3411 1126 3488 desiderarem,
1146 3412 1250 3493 inqua
1266 3419 1298 3475 ut

128 3516 188 3579 sint
202 3515 344 3579 nonnulla
354 3513 390 3578 ad
405 3513 571 3577 nniversam
584 3513 680 3577 iliadis
695 3514 942 3597 compositionem
958 3515 1030 3580 sads
1045 3523 1122 3599 apta,
1138 3516 1215 3580 uelut
1227 3533 1298 3578 rat·

127 3610 298 3700 χοσκοπία
316 3625 345 3681 et
359 3616 589 3696 Agamemnonis
608 3610 839 3704 e'ntrrrdlqoeg,
867 3620 904 3682 de
917 3619 1025 3702 quibus
1045 3620 1115 3683 nolo
1130 3637 1211 3682 nune
1224 3637 1297 3681 oon-

129 3721 261 3798 tendere,
280 3718 352 3784 nibil
375 3727 471 3782 tamen
494 3718 602 3782 borum
628 3719 827 3784 necessarium
849 3741 916 3784 esse
935 3731 1071 3804 apparet,
1097 3731 1224 3803 suntque
1243 3719 1299 3784 alia

198 3941 223 4002 ⁵)
241 3939 314 3993 Viern
331 3941 507 3994 noeetnborn
523 3940 602 3994 nobol.
618 3941 649 3993 ad
672 3940 714 4008 tv,
731 3941 794 3994 ttt=
818 3939 866 3994 dni
884 3945 915 3995 rt
933 3943 963 3994 ol
981 3939 1086 4013 Τρῶες,
1104 3944 1186 4013 einen
1209 3935 1296 3996 uuilon

129 4027 306 4080 antandrum
324 4023 375 4080 adr
391 4021 520 4098 πόλεμον
536 4020 700 4094 dfiodloruo,
722 4023 756 4080 oei
773 4027 884 4094 (prodor
906 4027 957 4081 ιὸν
972 4024 1107 4096 βαλόντα,
1130 4023 1194 4082 ‹ttt'
1214 4023 1300 4089 atinde

130 4107 260 4184 ὁρμῶσιν
271 4111 319 4166 dui
333 4109 367 4165 rei
380 4106 470 4177 dulor
481 4107 527 4167 dre
539 4105 630 4183 qinono
642 4113 728 4187 βουλῇ
741 4113 796 4168 roir
806 4115 944 4182 dunelm
956 4113 1126 4185 πεπρᾶχθαι
1143 4112 1194 4183 etp
1206 4109 1301 4188 nupti-

129 4195 226 4264 ,too'rr
243 4198 290 4250 run
307 4201 334 4251 el
346 4195 401 4270 ple
417 4201 533 4267 aterum
551 4199 712 4264 Mertlaor,
728 4196 879 4274 κρατήσειν
894 4201 950 4256 seir
966 4194 1104 4270 Ἑλλήνων
1118 4197 1240 4269 ἤλπιζον
1249 4199 1299 4256 διὰ

131 4279 182 4351 τὴν
196 4279 245 4338 irr'
264 4282 363 4353 ἐκείνῳ
384 4279 476 4351 λύπην
496 4282 770 4348 meueurmao'aur,
792 4291 819 4340 et
838 4285 868 4341 di
889 4281 944 4357 ud»
965 4282 1020 4340 ene
1040 4283 1156 4360 φθάσαι
1178 4284 1301 4348 ἀόπλοις

131 4365 227 4430 remote
241 4369 386 4442 Ipueoeiv.
420 4368 469 4424 oen
487 4375 517 4425 rt
531 4371 563 4426 eli
581 4369 670 4426 netto
679 4367 785 4442 Ἕκτωρ
798 4370 849 4426 nior
861 4369 973 4440 dtq'rqere
987 4371 1038 4427 nir
1048 4371 1180 4441 paliure,-
1190 4369 1236 4428 tire
1249 4369 1301 4427 odae

132 4449 167 4524 ἦν
178 4452 330 4524 ἀναλαβεῖν
340 4454 371 4508 τὸ
384 4459 515 4528 πταῖσμα
525 4451 606 4520 ἅπαξ
617 4452 769 4512 Mereler'oe
781 4459 951 4531 sponderem
