3106 4958
753 429 796 496 50

193 627 326 712 pennu,
345 633 414 687 autc
428 618 580 684 lieinsium
600 637 689 683 nemo
709 617 772 682 suit.
802 618 832 683 is
851 628 948 684 autem
967 619 987 682 l.
1003 637 1028 682 c.
1044 636 1074 702 p.
1090 617 1168 692 656,
1188 614 1247 693 „in
1267 613 1362 680 Pan·

194 733 305 796 «torae
321 724 415 808 inquit
428 740 580 799 „rursus
596 731 682 786 sunt
700 721 858 788 minutae
874 733 1012 807 partes,
1028 721 1145 804 qualis
1160 729 1194 786 et
1207 720 1363 785 Πιθοι-

193 827 259 916 γία
278 841 313 894 et
331 828 435 902 aliae,
454 845 602 910 quarum
617 826 840 908 grammatici
859 825 1126 890 meminerunt.“
1156 823 1285 905 itemque
1299 843 1364 906 cap.

192 935 264 998 Xii'.
285 953 316 1016 p.
333 933 411 996 676ι
430 929 556 1006 ,Sicut
570 939 685 994 autem
701 923 998 993 arcontocoru
1016 929 1111 993 lovis
1135 936 1204 1002 est,
1218 926 1267 991 ita
1288 927 1364 988 Πι-

191 1029 339 1120 6οιγία
354 1032 528 1116 (eleganti
543 1051 630 1096 voce
643 1032 738 1096 Ιιυιιο
751 1031 897 1096 Hesiodi
912 1032 1028 1098 iocum
1045 1031 1093 1096 ita
1108 1039 1235 1095 vocant
1249 1047 1365 1112 pram·

193 1139 332 1218 pratici)
354 1139 568 1203 Pannonios
603 1135 730 1212 Quinam
756 1133 817 1199 sint
835 1134 883 1199 isti
903 1135 1099 1218 grammatici.
1121 1153 1184 1199 non
1202 1131 1297 1216 magis
1316 1131 1366 1195 Ιιίο

193 1263 282 1326 quam
299 1238 495 1324 Goettiiopiu's
510 1258 567 1304 nos
587 1239 686 1303 docet:
706 1257 776 1320 epo,
794 1237 890 1303 donec
904 1239 1008 1324 aliquis
1023 1258 1128 1304 eorum
1143 1240 1364 1303 demonstratus

195 1349 293 1422 iuuerit,
309 1347 406 1412 nultos
418 1365 486 1410 csse
500 1345 631 1418 credam,
646 1343 697 1406 sed
713 1343 837 1408 subesse
856 1345 1010 1408 contusam
1027 1343 1174 1425 quandam
1189 1340 1365 1406 memoriam

193 1449 352 1515 Eustatiaii.
382 1449 437 1512 llic
455 1447 534 1511 enim
555 1437 740 1528 πιθοιγίας
757 1464 868 1510 nomeu
882 1455 1020 1530 usurpat,
1035 1453 1237 1510 ventmtamen
1251 1461 1314 1507 non
1329 1442 1366 1506 6ο

196 1554 274 1618 tatati
291 1553 445 1618 Pandorae
459 1551 540 1614 doiio
554 1559 671 1633 aperto,
687 1550 739 1613 sed
754 1550 792 1614 de
806 1551 897 1616 altero
913 1552 943 1616 in
958 1551 1028 1615 cella
1041 1551 1151 1614 vinaria
1165 1545 1313 1632 reposito,
1329 1545 1366 1608 6ο

196 1676 257 1738 quo
273 1655 421 1720 Hesiodus
436 1653 578 1737 praecipit
592 1671 618 1715 υ.
635 1651 713 1716 368:

303 1749 503 1842 ’Λρχομένου
526 1749 565 1818 δὲ
586 1745 696 1818 πίθου
717 1748 775 1818 καλ
798 1747 952 1842 λη’γοντος
974 1748 1194 1840 κορέσασθαι,

313 1853 463 1941 μεσσόθι
484 1849 683 1944 φείδεσθαι·
713 1851 806 1942 deaii}
831 1847 864 1920 δ’
887 1847 936 1920 ἐνὶ
958 1849 1109 1938 πυθμένι
1131 1847 1250 1942 φειδῶ.

199 1964 272 2028 Nam
292 1961 329 2026 ad
341 1962 437 2026 iliadis
456 1960 562 2025 librum
578 1958 683 2035 xxiv,
697 1977 724 2021 v.
741 1959 814 2033 527,
829 1959 878 2022 ubi
894 1959 953 2024 6ιιο
969 1959 1046 2024 dolia
1061 1959 1092 2023 in
1107 1957 1183 2021 loris
1202 1957 1294 2021 domo
1309 1975 1367 2038 po·

201 2067 256 2130 sita
271 2085 339 2128 esse
357 2063 508 2137 dicuntur,
528 2061 612 2125 natalis
631 2061 770 2138 alterurn,
789 2062 911 2126 alterum
926 2061 1014 2126 bonis
1029 2062 1185 2144 repletum,
1200 2060 1260 2135 iile,
1281 2068 1367 2143 post-

203 2187 291 2250 quam
308 2165 460 2230 l'analorae
479 2163 549 2228 dolii
568 2163 751 2228 mentionem
772 2165 851 2240 iecit,
872 2166 902 2228 in
923 2184 982 2248 quo
1003 2164 1078 2228 mala
1098 2173 1211 2228 tantum
1227 2162 1368 2236 inessent,

173 2289 188 2342 a
204 2267 263 2333 τοῦ
277 2263 316 2334 δὲ
329 2262 493 2344 τοιούτου,
512 2267 615 2349 inquit,
635 2269 701 2329 τῶν
714 2263 823 2330 κακῶν
837 2261 949 2332 πίθου
964 2259 1016 2353 εἴη
1032 2257 1073 2330 ἂν
1094 2261 1151 2331 καὶ
1167 2257 1186 2352 ἡ
1203 2257 1369 2348 usucapio

203 2363 261 2451 nix
282 2363 532 2455 ἓορτάσιμος,
560 2363 645 2432 κατὰ
670 2365 729 2455 την
755 2361 838 2453 παρ’
860 2364 1012 2456 Ησιόιλρι,
1040 2356 1118 2456 ἕνῇ
1146 2361 1368 2453 ἀρχομένου

204 2469 331 2540 πίθου
354 2467 450 2558 ἐχρῆν
470 2465 750 2555 κσρίννυσθαι,
773 2463 847 2534 ἀλλ’
869 2465 918 2550 εἷς
937 2467 977 2536 τὸ
996 2469 1065 2535 πᾶν
1087 2464 1260 2559 ἀποφρᾶςε
1276 2490 1368 2554 appa·

204 2588 303 2660 retque
326 2576 363 2640 ad
386 2578 492 2639 festum
520 2573 596 2636 diem
620 2569 685 2636 τῶν
710 2569 899 2657 πιθοιγίιυν
919 2595 943 2638 s.
965 2577 1024 2660 τῆς
1045 2567 1228 2658 πιθοιγίας
1250 2573 1367 2655 respici,

203 2671 286 2744 καθ’
307 2671 363 2764 ἥν,
381 2686 414 2740 ut
428 2677 468 2741 ait
487 2676 610 2740 Procius
630 2675 667 2738 ιι6
688 2675 808 2738 Hesiod.
828 2695 854 2739 υ.
876 2677 947 2752 366,
965 2667 1041 2740 οὔτε
1063 2670 1193 2764 οἰκέτην
1214 2667 1291 2742 σ’ύτι
1310 2697 1368 2757 μι·

203 2775 337 2845 citeros
364 2771 488 2862 εἴργειν
511 2774 570 2862 τῆς
596 2767 812 2854 ἀπολαύσεως
829 2775 890 2840 τοῦ
916 2771 1009 2844 οἴνου
1034 2775 1178 2861 θεμιτὸν
1203 2767 1257 2865 ἦν,
1284 2769 1369 2840 ἀλλὰ

203 2877 373 2957 θύσαντας
394 2876 479 2943 ιιῶσι
501 2873 718 2960 μεταδιδόναι
741 2880 800 2941 τοῦ
822 2873 930 2963 ιλῶρου
952 2877 1010 2944 τοῦ
1031 2875 1208 2946 Διονύσου.
1253 2880 1290 2943 Et
1309 2898 1368 2962 ηιιο

204 2985 296 3064 magis
312 2991 446 3064 opmtuna
463 2982 525 3054 tint,
545 2997 607 3042 non
621 2979 678 3041 aiio
693 2998 780 3060 quarn
796 2980 831 3043 ιι6
853 2979 911 3046 hoc
930 2981 1027 3064 ipsum
1044 2983 1164 3046 Hesiodi
1180 2991 1369 3065 praeceptum

205 3085 273 3147 ittuu
289 3075 473 3166 πιθοιγιάς
486 3101 595 3146 nomen
616 3081 694 3163 apud
710 3083 896 3147 Eustothinm
916 3086 1076 3166 portinere,
1097 3085 1262 3150 ariscnibaan
1281 3083 1368 3148 etiam
1400 3111 1403 3116 ·

205 3205 278 3268 quae
292 3186 390 3268 paullo
405 3194 474 3267 post
487 3185 524 3248 ab
538 3205 575 3246 co
596 3183 755 3247 nutriuntur:
778 3175 797 3268 ἦ
822 3186 898 3267 γοῦν
914 3179 1109 3262 ‘Herodorus
1131 3179 1300 3269 πιθοιγίσ
1321 3178 1370 3262 εἰς

204 3283 356 3352 τοιοῦτόν
377 3305 409 3348 τι
433 3282 517 3348 κατὰ
537 3281 616 3362 τοίς
631 3281 797 3362 naturate
814 3279 1068 3368 ἐκλαμβάνετσι,
1093 3281 1368 3372 παραγγέλλουσα

205 3384 413 3472 συμβολικῶς
433 3381 504 3450 νέον
517 3381 576 3468 μέν
596 3407 673 3450 τινα
694 3379 772 3452 ὄντα
794 3378 816 3472 ἢ
835 3384 972 3473 γηραιὸν
992 3380 1152 3453 ἀνίεσθαι
1173 3381 1369 3473 ἀναγκαίως,

207 3485 395 3573 ἀκμάζοντα
416 3484 453 3554 δὲ
474 3485 519 3575 μη
542 3483 648 3567 οὕτως
668 3482 763 3572 ἔχειν.
792 3491 915 3564 Quietem
934 3491 1205 3574 interpretationem
1221 3493 1369 3575 praecepti

206 3593 395 3677 symbolicam
415 3591 500 3655 etiam
520 3592 556 3655 ad
572 3591 691 3656 liosioali
711 3594 808 3657 iocum
825 3592 961 3670 Procius,
981 3606 1031 3657 aut
1051 3594 1185 3676 quisquis
1205 3605 1251 3660 est
1264 3595 1368 3659 scholii

206 3707 321 3772 auctor,
345 3707 571 3759 commemorat:
599 3689 686 3771 τινὲς
713 3691 751 3758 δὲ
777 3687 1002 3780 ἀλληγορικῶς
1026 3691 1163 3779 λέγουσι
1187 3693 1248 3761 τὸν
1272 3692 1371 3780 λόγον

208 3784 291 3862 sirus
308 3793 460 3882 περὶτῆς
480 3789 620 3883 ἡλικίας,
643 3789 730 3862 ὥστε
743 3788 923 3882 ἀρχόμενον
942 3791 1002 3862 καὶ
1017 3795 1163 3886 γηρῶντα
1177 3789 1369 3876 ἆιτσλαιλιιν,

208 3898 290 3965 κατὰ
310 3893 349 3964 ct
370 3895 429 3985 την
448 3893 550 3986 μέσην
567 3892 700 3986 ἡλικίαν
717 3893 931 3985 ἐργάζεσθαι.
961 3901 1018 3979 uei,
1033 3911 1066 3965 ut
1080 3901 1158 3984 apud
1172 3901 1298 3966 Taetaen
1313 3911 1369 3978 est,

210 4005 289 4080 παῖς
302 3993 349 4067 ῶν
370 3997 427 4066 καὶ
449 3999 555 4090 γηρῶν
575 3993 728 4067 ἅπόλαυι
748 4000 814 4067 τῶν
831 3999 891 4068 τοῦ
912 3997 990 4088 βίου
1005 3997 1120 4092 potor,
1143 3999 1229 4069 aurci
1250 3997 1290 4070 ot
1310 4002 1371 4092 την

211 4096 414 4191 ἅκμαστικην
429 4097 560 4192 ηλικιάκ
579 4098 727 4189 ἐργάζου.

292 4211 478 4274 Ειιοοιτυοι
496 4208 595 4290 igitur,
613 4228 688 4291 quae
708 4209 744 4272 6ο
758 4203 929 4298 Πιθοιγίᾳ
950 4222 980 4277 et
993 4213 1031 4278 6ο
1045 4201 1311 4300 Δαιμονολογίρ,
1338 4221 1371 4277 ut

74 4381 82 4399 Ι
212 4311 321 4376 usitatis
335 4311 412 4394 apud
427 4311 632 4394 grammaticos
647 4311 890 4396 appellationibus
902 4313 1025 4380 duarum
1040 4315 1154 4380 illarum
1169 4315 1297 4399 partium
1308 4314 1370 4378 He-

213 4413 302 4482 siodei
316 4413 466 4494 carminis,
490 4411 544 4478 uiri
574 4415 738 4482 douusimi
767 4415 888 4482 calidius
913 4437 1002 4504 quam
1028 4419 1141 4486 mutim
1167 4419 1370 4488 ooniacum:
