3106 4958
638 416 837 516 ..2¹„.„

153 607 379 692 Dionysiaca,
399 608 616 679 Thebaides,
637 606 836 688 Epigonos,
857 602 1093 685 Naupactica,
1111 599 1193 676 alia3
1212 619 1316 664 unum

154 713 298 794 quidem
313 714 457 776 heroem
473 713 507 776 in
523 711 707 784 nonnulis,
721 716 816 788 tuam
832 708 977 770 luerunt
991 705 1091 786 plura
1107 705 1316 786 perbrerial,

153 815 190 878 in
211 815 310 879 nullo
330 833 431 878 unam
451 815 504 878 rel
529 812 735 896 primariam
754 810 947 884 actionem,
970 807 1149 890 episodiis
1173 811 1214 873 ad
1239 829 1315 872 rno-

154 920 233 982 dum
248 918 371 982 iliadis
387 917 630 991 intertextam,
644 913 898 996 deprehendes.
923 915 1044 997 llagno
1059 925 1203 978 auctore
1218 915 1251 977 id
1266 912 1316 976 ai·

156 1024 274 1096 l'irmo,
288 1039 359 1084 nou
375 1020 581 1085 coniectura
595 1021 732 1084 drrctus.
777 1019 827 1082 ltu
846 1017 938 1080 euim
952 1019 1172 1083 Aristoteles
1187 1016 1317 1098 ubique

154 1125 341 1206 praedicat
360 1125 402 1187 de
416 1124 584 1198 llomero,
600 1123 647 1186 ita
662 1142 738 1186 euru
757 1130 906 1204 propter
920 1120 1023 1184 istam
1039 1121 1151 1204 ipsam
1166 1140 1238 1185 rom
1258 1137 1316 1182 ce·

154 1221 246 1289 teris
262 1227 297 1289 iu
314 1226 436 1289 eodem
451 1245 580 1308 genere
596 1225 760 1288 ournibua
776 1223 982 1305 auteponit,
1002 1235 1038 1287 ut
1056 1225 1176 1288 nullus
1191 1241 1316 1285 eorum

155 1329 219 1392 hoo
234 1329 269 1391 iu
284 1347 321 1392 re
340 1329 463 1392 rluoem
483 1338 518 1392 et
532 1327 732 1412 principem
747 1345 849 1390 suum
870 1326 1033 1390 inritatus
1047 1347 1128 1390 esse
1146 1326 1318 1398 rideatur,

10 1440 13 1446 '
119 1491 120 1494 ,
155 1449 197 1494 ne
213 1431 386 1496 Pisandes
404 1431 542 1514 quidem
566 1442 625 1496 aut
643 1431 814 1512 Panyasis
834 1439 893 1492 aut
911 1431 1156 1503 Antimachus,
1176 1429 1235 1511 qui
1261 1447 1317 1490 se·

30 1533 31 1536 ’
84 1592 87 1597 .
155 1533 1318 1619 cundumllomcrumoptirninurrrcratisuut,nortlurrrautiquiores

156 1649 188 1703 et
203 1639 337 1721 cyclici.
352 1643 499 1716 -Quae
513 1660 617 1723 «quum
634 1641 681 1704 ita
697 1639 782 1712 sint,
797 1639 879 1720 quis
894 1647 993 1720 putot
1008 1639 1090 1704 illos
1106 1658 1228 1702 ornnes
1244 1655 1316 1701 aaut

156 1753 280 1818 artem,
301 1762 389 1825 quae
410 1752 481 1807 taut
504 1744 654 1808 eximiae
677 1743 916 1826 perfectionis
932 1753 1117 1819 causaest,
1139 1743 1168 1806 si
1189 1742 1230 1806 ah
1247 1741 1317 1804 llo-

156 1865 255 1910 mero
274 1845 469 1910 adhibitam
488 1847 678 1921 uidissent,
704 1855 763 1910 aut
786 1864 855 1908 nou
877 1845 1112 1921 intellexisse,
1133 1856 1193 1909 aut
1212 1845 1318 1908 iutel-
1359 1859 1361 1863 ‘

157 1950 282 2013 lectam
302 1949 471 2013 aemulari
493 1947 704 2012 noluissei‘·
724 1985 766 1995 -—
788 1949 864 2011 llaec
879 1947 1017 2024 ll'ollius,
1035 1951 1083 2014 rui
1104 1949 1152 2031 qui
1168 1947 1319 2030 obloquuti

158 2063 236 2127 sunt,
251 2052 320 2116 illud
337 2053 463 2115 maxime
478 2053 533 2114 sibi
551 2052 695 2134 agendum
709 2052 920 2125 intellexerunt,
935 2064 966 2115 ut
978 2053 1152 2135 cpoliconnn
1168 2061 1320 2134 portantur

158 2174 291 2231 causam,
309 2175 377 2219 curu
398 2154 552 2219 llomerica
572 2155 718 2219 artissime
737 2155 938 2229 coniunctam,
956 2156 1152 2237 susciperent,
1171 2165 1322 2236 artemque

78 2319 79 2322 ,
157 2257 246 2332 illam,
261 2276 348 2338 quant
365 2259 453 2321 aaron
468 2257 598 2322 llomoro
614 2256 810 2330 vindicabant,
829 2257 875 2320 his
891 2277 1010 2340 quoquo
1025 2258 1250 2340 haudquaquam
1271 2257 1322 2319 de·

159 2361 249 2426 luisse
264 2362 514 2436 demonstrarent,
533 2373 583 2426 aut
602 2362 702 2445 potius
721 2361 940 2424 contenderant.
985 2361 1058 2424 Naro
1074 2360 1272 2424 demonstrari
1287 2361 1323 2423 de

160 2463 339 2530 carminibus
355 2465 525 2546 deperditis,
540 2476 570 2530 et
580 2483 707 2548 quorum
723 2474 837 2546 praeter
851 2464 1049 2546 partcissiruos
1061 2464 1222 2528 uersiculos
1238 2484 1323 2546 prae·

160 2578 261 2650 terque
281 2567 448 2631 Proclianas
467 2567 612 2651 epitomas
632 2567 704 2631 nibil
724 2567 867 2650 reliquum
883 2579 941 2641 est,
969 2568 1045 2632 baud
1065 2569 1146 2632 facile
1165 2568 1323 2652 quidquam

160 2690 252 2753 posse
266 2681 398 2753 apparet,
413 2690 591 2752 omnemque
605 2670 834 2752 disputationem
850 2670 880 2733 in
900 2691 936 2732 oo
951 2679 1064 2734 tanturn
1080 2673 1189 2734 versari
1205 2691 1325 2735 necesse

161 2784 223 2850 ost,
244 2774 372 2856 primurn
394 2783 426 2836 ut
440 2773 602 2838 Aristotelis
622 2775 658 2838 de
678 2773 857 2837 carminibus
878 2773 933 2836 illis
954 2774 1157 2837 testimonium
1173 2774 1326 2855 diligenter

161 2877 336 2952 excutiatur,
357 2885 387 2940 et
408 2875 477 2959 quid
500 2896 535 2940 ex
557 2898 594 2941 eo
617 2878 654 2942 de
676 2896 779 2941 eorum
802 2877 1019 2958 compositione
1034 2876 1130 2957 colligi
1150 2878 1204 2940 rite
1219 2877 1324 2958 possit,

162 2980 331 3055 rlelinhuur,
350 2979 454 3044 deinde
475 2990 508 3044 ut
528 2981 591 3062 ipsa
614 2980 776 3044 carruiuum
798 2989 968 3061 argumenta
989 2989 1066 3043 corte
1086 2999 1148 3044 uon
1168 2980 1327 3044 abhorrere

163 3082 199 3145 ab
215 3083 372 3146 artificiosa
387 3093 416 3147 ot
431 3083 613 3160 llomericae,
627 3081 652 3146 si
667 3084 767 3146 minus
783 3081 856 3164 pari,
871 3100 932 3144 non
949 3091 1045 3144 tanton
1061 3082 1185 3146 absimili
1201 3102 1328 3166 compo·

163 3184 270 3248 sitione
294 3184 443 3266 probetur.
494 3186 606 3250 llorurn
629 3195 786 3267 utnnnquo
807 3203 900 3267 quum
922 3183 958 3246 ab
981 3183 1059 3258 aliis,
1081 3194 1144 3247 tum
1167 3185 1330 3250 anaximea

163 3285 312 3350 llitzschlo
333 3289 518 3364 factumest,
542 3287 591 3371 qui
612 3310 686 3372 quae
708 3289 820 3352 dudum
843 3288 880 3350 de
899 3285 1029 3348 llonrero
1050 3287 1210 3368 ceterisque
1232 3289 1364 3369 poetiaa

164 3389 373 3456 vetustioribus
389 3392 511 3476 carptim
528 3393 753 3476 perscripserat,
771 3409 868 3471 nuper
882 3389 912 3453 in
928 3408 1019 3453 uuum
1035 3390 1153 3454 collecta
1174 3391 1333 3474 multisque

164 3509 194 3563 et
212 3497 368 3582 praeclaris
387 3495 522 3578 partibus
545 3505 628 3559 aucta
648 3493 819 3579 proposuit,
842 3492 1041 3574 gratissimum
1065 3497 1199 3576 prolecto
1222 3512 1334 3557 ortanus

165 3601 305 3666 omnibus
320 3599 465 3663 bonarum
485 3599 645 3663 litterarum
665 3597 839 3662 ornantibus.
883 3595 942 3659 Sed
962 3597 998 3660 de
1013 3597 1177 3661 aristotelis
1203 3597 1333 3662 auctori·

166 3715 226 3770 tate
239 3723 330 3787 quum
349 3711 434 3766 acute
451 3701 569 3783 quidem
590 3721 625 3764 ac
639 3701 797 3772 subtiliter,
818 3719 912 3780 neque
927 3709 1024 3763 taruen
1045 3700 1082 3763 ita
1097 3701 1279 3782 disputatum
1294 3701 1334 3763 sit

167 3809 261 3874 ariro
282 3805 405 3879 eximio,
425 3814 458 3868 ut
477 3802 570 3886 plane'
584 3803 610 3867 ei
630 3801 766 3866 assentiri
786 3802 917 3883 pressim,
939 3803 1080 3867 utendum
1105 3804 1161 3866 lroc
1184 3804 1332 3866 scribendi

168 3908 387 3993 opportunitate
407 3907 495 3972 statui
516 3908 552 3972 ad
568 3906 742 3970 renuntiant
762 3924 857 3968 aream
872 3923 960 3986 quarn
976 3905 1147 3986 planissime
1161 3915 1265 3988 probro
1280 3927 1334 3971 ex-

169 4013 348 4097 ponendam.
988 4095 992 4103 Ι

255 4113 348 4194 igitur
372 4112 403 4177 iu
429 4112 525 4176 libebo
550 4115 587 4178 de
609 4123 671 4177 arto
698 4111 811 4196 poetica
834 4109 962 4174 dilaudat
980 4109 1143 4174 llomemm
1164 4111 1334 4176 Aristoteles

172 4217 288 4282 duobus
307 4215 397 4290 locis,
423 4235 486 4298 cap.
502 4216 522 4280 8
537 4227 568 4280 et
581 4237 645 4300 cap.
660 4216 717 4291 23,
743 4224 897 4298 propteroa
916 4213 997 4294 quod
1016 4232 1094 4277 uuus
1120 4215 1180 4278 lere
1199 4217 1334 4279 omnium

172 4333 326 4404 poctarum
341 4317 493 4402 epicorum
509 4317 601 4400 legem
615 4318 734 4382 unitatis
749 4318 779 4381 in
794 4334 908 4392 rerum,
926 4335 999 4399 quas
1013 4315 1166 4393 renuerit,
1180 4316 1294 4382 delectu
1307 4328 1337 4381 et

173 4422 347 4488 tractatione
370 4419 534 4486 armaverit
587 4420 731 4486 Pecrasse
754 4416 834 4484 enim
853 4429 956 4484 contra
980 4420 1057 4484 hano
1080 4419 1173 4502 legem
1197 4439 1259 4484 ooo
1282 4439 1335 4484 eoo
