3106 4958
758 443 799 542 ³2.

193 633 285 696 oredo
300 633 352 706 ait,
375 650 439 712 cap.
456 629 485 702 8,
505 629 671 712 quicunque
686 629 869 694 llerarleidas
884 640 934 694 aut
949 629 1109 694 Theseidas
1128 633 1359 712 composuerint,

192 737 378 816 honoremque
389 751 513 797 suorum
530 752 578 796 res
590 742 687 815 gestas
702 751 816 810 omnes,
831 735 917 798 etiam
929 752 1004 816 equae
1018 733 1098 796 nollo
1114 732 1230 797 interno
1241 733 1358 799 vinculo

192 837 415 918 copularentur,
434 836 580 919 compleri
600 837 672 910 sint,
692 837 743 901 sed
764 838 909 911 similiter,
930 856 992 918 cap.
1009 835 1060 910 23,
1081 836 1237 919 plerosque
1255 847 1358 918 poetas

190 941 345 1021 vituperat,
360 941 439 1024 qnod
454 942 584 1005 carmina
600 959 652 1004 sua
666 940 702 1003 ad
718 941 840 1003 rnodum
855 939 1045 1002 historiarum
1061 941 1191 1013 iecerint,
1206 941 1236 1005 in
1251 941 1358 1022 quihus

192 1061 317 1106 necesse
336 1045 375 1108 sit
394 1063 455 1109 non
475 1055 534 1106 tarn
554 1043 641 1107 unius
661 1043 782 1107 alicuius
802 1042 925 1106 actionis
946 1043 1102 1123 imaginem
1122 1043 1264 1126 integram
1286 1063 1359 1128 pro·

191 1166 316 1228 ponere,
344 1167 431 1229 qoam
458 1146 601 1230 quidquid
629 1155 709 1208 certo
735 1145 864 1226 quodam
880 1145 1022 1226 temporis
1049 1146 1145 1228 spatio
1161 1158 1212 1210 aut
1238 1147 1289 1211 uni
1309 1158 1359 1210 aot

191 1250 329 1332 pluribus
349 1250 521 1314 hominibus
535 1251 677 1324 evenerit,
702 1248 867 1311 narratione
893 1249 1043 1329 persequi.
1086 1249 1287 1333 Plerosque
1302 1252 1360 1315 hoc

192 1354 318 1416 nomine
336 1353 492 1436 vituperat,
514 1371 574 1415 non
596 1371 715 1428 ornnes,
735 1361 768 1414 ιιι
785 1351 867 1414 liccat
887 1368 958 1412 sane
979 1351 1136 1433 suspicari,
1161 1371 1255 1416 unum
1283 1362 1361 1416 certe

191 1466 243 1520 aut
263 1457 385 1519 alterum
405 1465 522 1538 poetam
544 1465 657 1536 praeter
673 1455 832 1518 Homerum
852 1453 889 1516 ab
908 1453 967 1517 boe
980 1455 1050 1518 vitio
1070 1456 1232 1519 immunem
1253 1455 1359 1520 luisse:

192 1579 344 1642 quunmne
358 1567 473 1622 comtes
487 1569 601 1641 practer
615 1559 732 1621 iliadem
748 1567 777 1620 et
788 1558 948 1638 odysseam
964 1557 1052 1621 etiarn
1068 1558 1121 1622 olla
1138 1559 1280 1640 (quaedam
1296 1579 1356 1623 car·

192 1663 273 1727 mina
288 1681 344 1744 pro
360 1661 522 1724 llomeriris
537 1661 608 1724 olim
624 1681 639 1724 a
659 1661 759 1724 rrrultis
775 1661 870 1724 habita
886 1659 990 1736 luisse,
1006 1661 1102 1742 possit
1117 1663 1242 1725 tortasse
1256 1662 1360 1743 aliquis

193 1768 251 1830 boc
266 1766 332 1848 ipso
352 1773 526 1846 argtrnrento
548 1763 602 1838 nti,
623 1765 782 1827 ethorum
803 1763 967 1828 rarmmum
984 1765 1190 1848 praestantiam
1210 1775 1361 1848 artemque

193 1867 420 1952 compositionis
434 1885 497 1930 non
513 1869 639 1932 multum
657 1878 734 1932 certo
748 1868 785 1930 atr
800 1889 842 1942 ea,
857 1887 945 1950 quam
961 1867 989 1931 in
1007 1867 1170 1934 llomericis
1187 1888 1292 1934 omnes
1308 1871 1360 1933 ad·

195 1975 353 2048 mirentur,
368 1973 512 2036 diversam
527 1991 595 2035 esse
611 1971 744 2055 potuisse
760 1973 927 2035 contendat.
971 1971 1058 2035 hlsrdo
1075 1983 1238 2049 constaret,
1253 1973 1361 2037 reteri·
1472 1955 1478 1964 ’

195 2077 253 2140 hus
269 2075 339 2152 illis,
354 2075 404 2158 qni
421 2075 477 2139 ista
493 2093 547 2156 pro
564 2073 729 2138 llomericis
745 2075 922 2151 lrolmeront,
936 2083 1027 2139 artem
1044 2078 1120 2140 hano
1133 2077 1361 2160 compositionis

195 2187 295 2242 noum
308 2187 395 2262 atquo
405 2185 589 2260 perspectam
604 2177 709 2248 luisse,
722 2195 810 2259 quam
823 2177 958 2258 quidem,
975 2177 999 2240 si
1012 2177 1197 2242 Aristotelem
1215 2180 1361 2254 audimus,

197 2281 279 2365 ipsos
299 2281 373 2360 adeo
394 2289 504 2360 poetas,
528 2296 656 2360 qnomm
677 2278 722 2342 illo
743 2279 922 2344 menninihrrs
943 2281 1085 2344 unitatem
1107 2281 1211 2343 deesse
1231 2291 1361 2354 testetur,

199 2395 249 2448 aot
259 2383 411 2466 ignorasse
422 2389 550 2463 oportet,
566 2390 616 2444 aet
631 2399 692 2444 non
709 2390 767 2443 tarn
781 2383 974 2446 necessariam
986 2383 1139 2456 iudicasse,
1153 2392 1186 2446 ut
1200 2401 1260 2446 non
1274 2383 1360 2446 etiam

167 2487 308 2570 urbsque
328 2507 361 2550 ca
382 2507 414 2548 se
434 2485 548 2567 prlacere
566 2483 749 2548 auditoribus
765 2485 826 2548 suis
841 2506 932 2568 posse
946 2487 1136 2549 consederent.
1167 2485 1266 2569 Neque
1283 2487 1361 2549 enim

197 2590 316 2654 dubium
337 2597 390 2663 est,
416 2588 486 2672 qnin
506 2587 607 2650 rarultis
629 2587 800 2670 onagrisque
822 2588 955 2652 larrdihus
976 2589 1063 2652 etiam
1086 2589 1150 2652 talia
1166 2589 1294 2652 carticina
1310 2608 1361 2653 or-

197 2705 264 2758 nata
277 2715 344 2757 esse
358 2691 616 2774 mnrrrremlariquc
632 2711 810 2773 arragnopere
825 2691 953 2773 possint,
975 2711 1101 2773 equorum
1122 2693 1256 2756 universa
1277 2712 1361 2756 corrr-

198 2797 304 2880 positio
320 2797 357 2860 ab
372 2797 427 2874 illa,
441 2815 528 2879 quam
542 2795 711 2860 hristotcles
723 2795 753 2858 in
766 2794 852 2859 iliade
863 2803 892 2856 et
902 2794 1033 2876 Odyssea
1045 2796 1152 2870 laudat,
1168 2796 1277 2860 unitate
1294 2796 1360 2858 lon·
1468 2827 1471 2832 ·

198 2902 316 2984 gissime
342 2901 428 2965 elisit.
473 2900 702 2982 llamlquaquam
731 2897 818 2979 igitur·
837 2919 892 2982 pro
913 2907 993 2962 certo
1014 2917 1132 2962 sumere
1151 2899 1258 2974 licebit,
1285 2901 1361 2964 irorrc

199 3005 351 3088 praeripere
364 3004 393 3067 in
406 3003 461 3068 illis
474 3002 650 3066 mererinilms
662 3011 821 3084 spectatam
837 3021 911 3078 esse,
926 3021 1000 3084 qum
1011 3012 1126 3084 praeter
1141 3002 1212 3066 baec
1225 3003 1285 3068 ‹lrro
1298 3004 1361 3068 llo·

201 3127 280 3172 mero
307 3107 413 3172 trilruta
438 3123 504 3170 esse
523 3103 655 3185 legimus.
700 3104 800 3180 Quint
826 3107 905 3188 quod
927 3105 990 3189 ipsa
1014 3123 1117 3169 eorum
1144 3107 1299 3170 multitudo
1324 3107 1360 3171 ab

182 3207 368 3274 'liuiusmedi
394 3209 533 3292 opinione
560 3226 616 3270 tros
640 3226 775 3272 revocare
799 3207 892 3272 debet.
938 3208 1010 3271 Nam
1038 3207 1208 3271 Aristoteles
1233 3209 1361 3290 quidem,

201 3313 332 3397 quamtis
346 3312 472 3394 henigne
487 3310 572 3375 rerba
587 3309 649 3374 eius
669 3309 878 3394 interpreteris,
901 3312 1056 3396 perpaucis
1076 3319 1154 3374 certe
1169 3323 1284 3393 praeter
1299 3313 1360 3376 llo·

203 3438 315 3483 ererum
336 3418 431 3481 lmnne
453 3413 679 3498 conpositionis
705 3414 819 3479 larrdem
844 3416 992 3492 corroedit,
1020 3425 1049 3479 et
1076 3424 1174 3479 tamon
1193 3415 1361 3480 llomeroa

202 3523 343 3587 vemnbus
357 3541 390 3584 ea
407 3518 504 3583 orrrrria
515 3517 661 3601 adscripta
677 3539 743 3582 osse
757 3519 833 3602 apud
846 3519 982 3585 l‘roclum
998 3517 1132 3603 legimns,
1147 3519 1266 3602 quaein
1282 3521 1361 3602 cpclo

203 3629 327 3700 turmot,
341 3643 428 3708 sperem
445 3624 489 3687 ille
505 3621 703 3706 corrrpositom
724 3623 814 3687 luisse
829 3624 914 3689 docet
933 3624 1110 3690 evariomm
1126 3633 1281 3706 poetamm
1297 3644 1362 3688 rar·

203 3729 328 3795 crinibus
344 3747 462 3792 orrrnem
476 3725 632 3791 tabutarcm
648 3726 801 3791 historiam
813 3727 849 3790 ab
861 3727 944 3791 initio
957 3746 1056 3792 rerum
1068 3727 1203 3810 Caeliqoe
1216 3737 1246 3790 et
1256 3725 1363 3790 Terrae

202 3833 336 3914 coniugio
357 3851 450 3914 osque
468 3830 504 3894 ad
525 3829 615 3894 Ulixis
635 3840 761 3894 mortem
781 3831 951 3914 compleris.
1001 3833 1038 3894 ht
1055 3839 1188 3912 opponat
1208 3829 1313 3910 aliquis
1326 3833 1362 3908 ¹),

202 3935 257 3999 boc
281 3935 377 4000 Procli
403 3932 603 3997 testimonium
627 3943 657 3996 et
682 3931 840 3998 obscumm
866 3943 896 3997 et
919 3932 1099 3997 levissimum
1126 3940 1186 3995 est:
1212 3931 1362 4013 graviores

203 4047 289 4101 testes
299 4037 325 4100 si
337 4037 547 4110 cranrinamns,
562 4035 698 4118 pauciora
711 4044 823 4100 tarrtom
839 4037 969 4101 llonrero
985 4035 1093 4100 tributa
1108 4055 1175 4098 esse
1185 4035 1361 4118 reperimus,

204 4136 379 4203 'l'hdraidem
398 4139 523 4202 maxime
537 4147 567 4201 et
586 4138 753 4222 Epigonos,
775 4159 866 4222 porro
886 4139 1038 4204 Oechaliae
1059 4138 1318 4222 expugnationem,
1333 4148 1363 4202 et

203 4261 237 4304 es
250 4240 344 4306 Iliacis
358 4240 470 4324 Cpprir,
484 4259 601 4323 poariam
615 4241 734 4305 iliadem
749 4250 778 4304 et
789 4235 947 4320 Νόστοις,
961 4262 1036 4326 quae
1051 4241 1151 4306 omnia
1166 4240 1303 4306 credibile
1316 4249 1363 4303 cst

272 4468 296 4533 l)
313 4467 372 4522 tut.
384 4465 495 4534 liitzscb,
508 4466 553 4520 llis
565 4469 734 4538 tlagsopocsie
746 4470 792 4523 der
803 4467 926 4522 Griecheo
940 4489 963 4540 p.
976 4471 1026 4524 356
1037 4478 1065 4524 et
1076 4469 1136 4523 ³7⁵.
