3078 4954
649 415 779 515 .-.Ψ
816 503 849 510 ..

166 607 238 686 dixi,
257 606 382 691 aequis
403 605 541 669 viribus
560 624 586 668 s.
607 602 749 687 opibus,
769 601 869 665 entem
894 600 920 662 ri
934 595 1179 682 praepositionis,
1199 613 1273 676 quae
1288 602 1334 655 est

166 711 241 776 intra
270 732 296 776 ν.
330 709 426 776 1608:
451 703 489 773 ἐκ
509 703 575 771 τῶν
596 700 635 770 δὲ
654 699 773 770 τούτου
793 697 969 790 χρημάτων
990 695 1200 785 πειράσομαι
1221 686 1332 779 ἄρχειν

166 811 321 878 πολιτῶν.
358 811 544 894 significatur
564 811 641 874 enim
661 808 705 882 id,
724 825 783 890 quo
803 807 868 890 quis
888 807 1040 872 aliut-atur
1060 814 1198 884 tanquam
1219 799 1329 862 instru-

167 924 264 981 mcnto
280 915 323 978 rei
338 915 458 980 alicuius
473 914 649 978 efficiendae.

250 1017 350 1083 Paullo
366 1026 451 1100 post,
467 1036 493 1080 r.
513 1015 608 1091 1396,
622 1015 849 1098 Clytaemnestra
865 1012 948 1076 elicit:

367 1110 407 1184 oli
428 1139 487 1202 μοι
503 1113 612 1205 φόβον
633 1112 806 1201 μέλαθρον
827 1109 924 1192 ἐλπὶς
945 1109 1099 1197 ἐμπατεῖ.

164 1222 341 1286 inlinitirum
357 1215 519 1303 ἒμπατιῖν
532 1221 742 1284 nstituentun
757 1241 824 1286 esse
836 1221 947 1284 tlutlum
958 1219 1004 1283 alii
1017 1219 1167 1292 sitierunt,
1182 1217 1235 1280 seri
1246 1218 1327 1298 inep-

165 1335 222 1390 tam
251 1325 402 1390 hocloco
432 1326 574 1388 domum
607 1325 815 1388 formidinis
846 1325 1034 1386 llermannus
1059 1321 1179 1384 demum
1198 1319 1328 1390 removit,

164 1429 340 1512 scripsitque
354 1419 393 1493 eii
406 1448 466 1510 μοι
481 1422 590 1514 φόβον
603 1418 748 1512 μέλαθρ’
771 1417 812 1490 όν
832 1420 931 1503 ἐλπὶς
951 1419 1120 1508 ἐμπεσεῖν.
1148 1423 1218 1486 ililri
1234 1433 1327 1487 tamen

164 1532 343 1614 probabilius
359 1540 405 1595 est
418 1532 454 1595 ab
469 1531 610 1614 beselrplo
627 1533 769 1614 scriptum
786 1551 852 1594 esso
868 1520 907 1594 ot<
919 1550 979 1610 μοι
1002 1521 1144 1616 φόβους
1163 1522 1328 1612 μέλαθρον

163 1630 261 1713 ἐλπὶς
283 1630 452 1718 ἐμποιεῖν.
489 1635 632 1700 Pluraiem
653 1633 733 1699 illum
760 1635 848 1700 habet
865 1634 951 1697 etiam
968 1633 1146 1715 Sophocles,
1164 1632 1237 1694 oet.
1253 1631 1286 1694 tt.
1302 1651 1327 1694 s.

162 1740 239 1804 tut:
269 1731 343 1803 ἀλλ’
366 1731 438 1806 ἔστι
461 1737 519 1804 τοῦ
541 1733 699 1822 λέγοντος,
722 1730 764 1804 ἄν
785 1732 913 1826 φόβοις
933 1731 1026 1824 λέγφι
1051 1755 1147 1818 neque
1172 1753 1250 1819 opus
1276 1734 1328 1798 luit

164 1832 204 1905 όίν
223 1843 377 1926 porticula,
401 1863 475 1926 quae
494 1862 557 1907 rem
578 1863 593 1906 a
613 1843 780 1907 conditione
799 1861 989 1925 suspensam,
1009 1841 1063 1902 bac
1088 1848 1185 1902 autem
1212 1837 1327 1920 impieta

163 1955 243 2009 certo
258 1946 467 2029 expectandam
483 1945 667 2028 signiticaret.
697 1947 740 2008 Gt.
756 1944 888 2026 'l'buepl
903 1945 925 2018 l,
939 1944 1013 2007 tat:
1027 1935 1216 2024 νομίζοντες
1229 1935 1328 2004 ἐκπι-

162 2042 279 2125 σόνιος
307 2041 408 2113 αὐτοῦ
433 2045 514 2136 ῥᾷον
539 2041 639 2136 σφίσι
664 2048 846 2134 προχωρεῖν
874 2043 917 2111 τό
943 2039 1014 2110 ἀπὸ
1040 2067 1106 2109 τιον
1123 2036 1327 2131 Ἀθηναίων,

163 2154 315 2234 quotuor,
331 2172 422 2236 quum
438 2161 669 2218 commemorata
685 2153 724 2216 sit
734 2151 881 2229 conditio,
896 2143 1095 2228 ἐκπεσόντος
1109 2141 1222 2226 αὐτοῦ,
1238 2150 1328 2232 magis

161 2255 248 2320 etiam
263 2247 304 2320 όν
318 2255 348 2319 in
363 2254 489 2338 apotlosi
504 2255 662 2319 desiderari
677 2255 781 2338 possit.
811 2255 848 2318 Et
861 2253 966 2317 similia
980 2254 1113 2335 exempla
1130 2253 1259 2317 omissae
1273 2255 1328 2316 bu-

163 2357 209 2421 ius
225 2359 383 2440 particulae
398 2356 477 2440 aputl
493 2357 543 2421 ini.
559 2377 654 2441 prees.
670 2377 732 2420 aor.
748 2367 778 2420 et
793 2361 845 2421 tut
861 2366 930 2440 post
944 2356 1030 2420 verba
1046 2356 1183 2438 sperandi
1199 2366 1228 2418 et
1241 2376 1328 2438 expe·

71 2511 74 2516 ,
164 2461 259 2523 standi
275 2469 321 2524 sat
335 2461 424 2524 multa
440 2470 519 2523 sunt
551 2459 614 2522 tit.
631 2461 727 2523 Brem.
748 2460 784 2523 ael
801 2461 1086 2542 Demosth.01pntlr.
1106 2461 1116 2522 l
1137 2459 1328 2523 inScbaeten'

162 2580 263 2644 appar.
278 2564 342 2628 crit.
357 2563 379 2640 l,
394 2583 424 2647 p.
440 2562 502 2626 tut
515 2581 559 2643 sq.
1012 2564 1014 2568 ’

245 2665 278 2728 ln
303 2666 404 2730 eadem
425 2665 670 2747 Clytaemnestrac
689 2664 823 2728 oratione
844 2664 916 2727 liaeo
934 2663 1082 2745 leguntur,
1108 2664 1145 2727 ue
1165 2666 1327 2728 Cassandra

163 2786 218 2832 una
234 2787 301 2832 cum
317 2770 538 2852 Agamemnone
553 2767 716 2842 interiecta,
731 2787 757 2830 ν.
777 2767 866 2830 troo.

362 2873 471 2936 κεῖται
493 2864 642 2956 φιλήτωρ
663 2863 759 2954 τιῖιό”
782 2861 858 2948 ἐμοὶ
881 2861 914 2931 δ’
936 2861 1102 2953 ἐπήγαγεν

363 2965 457 3060 stirpe
477 2964 715 3058 παροψώνημα
735 2968 794 3056 τῆς
814 2965 896 3056 ἐμῆς
916 2967 1041 3056 γλιόιξς.

162 3075 269 3138 l’arum
285 3075 451 3157 probabiles
466 3075 601 3160 priorum
618 3076 801 3136 coniecturas
818 3074 925 3136 merito
942 3072 1128 3138 llermannus
1144 3077 1263 3158 sprevit,
1278 3076 1328 3139 set

162 3196 198 3240 ne
224 3178 287 3260 ipsc
313 3179 430 3261 quidem
452 3175 681 3263 probabiliorem
701 3175 809 3252 attulit,
832 3167 928 3262 arixis
948 3197 1002 3258 pro
1022 3170 1129 3264 εὐνῆς,
1143 3179 1224 3260 quoti
1240 3179 1329 3260 accipi

161 3279 250 3344 coluit
268 3281 305 3343 tlc
324 3291 392 3345 voto
413 3283 674 3365 Clytaemnestram
695 3279 778 3342 cuius
801 3299 834 3343 ea
855 3299 980 3363 compos
996 3282 1070 3345 iacta
1085 3291 1165 3344 esset
1180 3281 1330 3346 interteuo

120 3375 123 3384 ’
161 3382 389 3462 Agamemnone.
420 3385 529 3448 Vellem
550 3395 646 3448 autem
669 3382 830 3447 atltlitlissct
844 3383 947 3458 etiam,
966 3384 996 3446 in
1012 3385 1068 3448 ltac
1082 3385 1209 3448 luorum
1225 3385 1329 3466 geniti-

162 3502 264 3548 vorum
286 3488 502 3569 compositione
523 3496 622 3549 utrum
643 3488 751 3550 borum
772 3487 808 3548 ab
823 3486 914 3550 altero
930 3487 989 3568 regi
1005 3488 1102 3564 vellet,
1124 3498 1154 3552 et
1168 3489 1239 3570 quiet
1254 3499 1331 3552 esset

160 3597 209 3649 aut
224 3577 299 3674 aripti
320 3584 380 3673 τῆς
399 3583 482 3675 ἐμῆς
501 3584 619 3673 χλιδῆς
640 3599 690 3652 aut
716 3581 778 3674 ipre)
800 3582 897 3674 γλιόιὶ
921 3580 1028 3675 arixis:
1058 3609 1127 3654 narn
1150 3601 1331 3674 utrocunque

163 3688 252 3752 morlo
267 3691 337 3754 baec
351 3699 578 3765 construantur,
591 3706 652 3752 non
667 3689 780 3753 ridetur
794 3699 860 3773 apta
876 3692 945 3756 huic
960 3692 1025 3756 loco
1040 3695 1185 3758 sententia
1199 3696 1329 3766 ¹erodere.

161 3791 357 3857 ltetinemlum
372 3803 445 3876 puto
458 3791 631 3857 vocabulum
644 3812 660 3855 a
672 3791 822 3856 codicibus
834 3794 981 3870 traditum,
996 3814 1064 3858 casu
1077 3805 1190 3860 tanttrm
1210 3807 1331 3869 mutato,

159 3901 188 3954 ot
201 3893 230 3956 io
242 3896 394 3977 superiore
405 3915 491 3960 versu
502 3893 678 3978 pronomine
690 3894 862 3976 possessivo
874 3915 929 3977 pro
938 3898 1083 3980 personali
1096 3899 1210 3979 posito:
1224 3891 1286 3986 ἐμῇ
1298 3891 1330 3962 δ’

158 3985 323 4081 ἐπήγαγον
354 3989 431 4084 ιόνῇ
456 3989 694 4082 παροψώνημα
722 3991 780 4082 τῆς
812 3991 893 4083 ἐμῇς
923 3995 1054 4084 placitis:
1089 4001 1179 4065 banc
1213 4021 1328 4067 caram

158 4113 255 4160 suam
271 4099 459 4174 amasiam,
475 4097 587 4180 inquit.
602 4098 748 4162 adduxit
766 4100 824 4182 bg.
840 4100 937 4164 lacto
958 4121 1033 4164 meo
1054 4111 1221 4184 tanquam
1241 4125 1329 4170 cou-

158 4195 360 4263 dimantum
384 4199 595 4264 deliciarum
619 4219 786 4264 mearum.
815 4203 904 4266 Lecto
923 4223 1006 4280 meo,
1023 4205 1054 4269 b.
1069 4225 1096 4268 e.
1111 4207 1187 4270 meis
1201 4219 1231 4271 et
1245 4210 1331 4291 etegi-

157 4298 216 4362 stbi
241 4301 366 4385 nuptiis,
392 4319 467 4383 quae
480 4299 597 4382 quidam
614 4301 767 4383 aptissime
790 4303 849 4367 boc
872 4305 939 4369 loco
964 4321 1238 4374 commemorantur
1262 4322 1332 4394 post

78 4473 80 4476 ,
157 4411 407 4488 commemoratos
432 4401 529 4484 paullo
554 4411 622 4464 ante
647 4403 878 4482 Agamemnonis
897 4417 927 4471 et
945 4407 1143 4475 Troianarum
1170 4412 1327 4478 mortorum
1351 4424 1381 4477 tt
