3092 4964
148 607 266 690 plorasti
277 606 391 691 placitis
406 608 572 681 dissentire,
587 626 674 692 psas,
694 606 771 689 prod
790 605 830 668 ml
844 608 922 688 ipsm
936 607 1090 667 sententies
1105 607 1215 675 attinet,
1229 623 1311 666 seor·

149 714 251 774 metim
269 711 336 773 iude
352 712 396 788 tls
413 731 438 774 c.
454 729 471 774 s
487 709 694 794 Xenophontis
715 709 926 787 oeconomico)
941 712 1062 792 repetite
1076 717 1154 780 cust,
1169 726 1204 770 ec
1219 710 1313 788 scopis

148 818 268 877 τιιάοιο
288 825 449 878 ceteromm
469 819 528 896 (sc
544 813 752 878 oeconomicac
772 812 981 895 scriptorum).
1008 811 1115 874 Omnes
1133 815 1212 873 cuim
1229 812 1315 892 puori

149 917 224 980 hilii
242 921 449 991 immutarunt,
470 917 702 1002 pueadapsideos
721 920 809 979 etiem
831 913 1045 998 Theophrastus
1063 915 1100 976 nl
1121 933 1154 977 ee
1175 914 1222 991 lh.
1249 933 1311 976 ατ

151 1022 364 1103 Xenophonte)
383 1024 416 1084 ιἰι
431 1024 535 1102 paucis
554 1022 707 1103 discrepet,
742 1019 824 1094 Ταῖς
844 1010 1038 1101 δυνάμεσιν,
1058 1017 1083 1080 si
1102 1016 1221 1100 quidem
1241 1017 1312 1079 baec

147 1124 231 1187 lectio
247 1111 326 1186 ccr'ta
341 1130 395 1197 est,
411 1122 482 1185 nihil
494 1121 570 1186 aliud
587 1121 750 1203 significare
765 1120 882 1203 poterit,
897 1141 987 1203 quam
1002 1121 1081 1202 quod
1096 1140 1113 1183 a
1128 1139 1176 1183 me
1186 1139 1310 1202 expres·

147 1244 214 1289 suno
228 1235 282 1288 est.
308 1224 375 1287 Non
386 1223 529 1288 absimilis
544 1224 678 1288 vocabuli
692 1231 825 1306 potestas
840 1231 886 1286 est
900 1223 977 1304 apud
990 1223 1112 1286 Sextum
1128 1223 1308 1306 Empiricum

146 1328 209 1391 adr.
224 1326 360 1390 llathem.
381 1325 578 1402 Vll,16‚ubi
599 1325 679 1391 l‘latc
699 1326 806 1390 dicitur
824 1344 942 1401 eorum,
965 1325 1015 1408 qui
1040 1325 1260 1409 philosophiam
1280 1325 1309 1388 in

146 1429 312 1511 physicam,
336 1427 461 1492 ethicam
480 1438 510 1492 et
533 1427 655 1511 logicam
683 1429 859 1502 diviserunt,
881 1419 1020 1509 δυνάμει
1042 1419 1194 1513 ἀρχηγός,
1218 1446 1307 1509 quum

146 1522 310 1616 ῥητότατα
330 1528 522 1604 Xenomates,
541 1529 723 1612 Peripatetici
743 1538 772 1593 et
791 1529 881 1593 Stoici
902 1531 979 1594 lianc
998 1528 1173 1592 diuisionem
1193 1548 1307 1612 propo-

145 1631 266 1697 suerint
296 1630 413 1694 Scilicet
429 1632 508 1713 quod
524 1629 608 1694 Plato
623 1631 798 1713 praeiverat,
819 1631 844 1694 si
864 1632 931 1713 quis
946 1649 1009 1695 rem
1024 1631 1119 1714 ipsam
1139 1650 1174 1694 ae
1188 1642 1307 1694 senten-

146 1733 216 1796 tiam
232 1741 352 1816 spectet,
364 1731 393 1795 id
405 1731 444 1795 illi
455 1731 594 1794 disertius
611 1731 708 1794 serbis
723 1732 853 1813 elesponti
865 1741 943 1796 sunt.
972 1732 1045 1795 ltcm
1057 1733 1135 1815 apud
1147 1734 1307 1797 Eusebium

146 1836 250 1917 l'racp.
265 1851 369 1916 euang.
384 1834 461 1907 llll',
479 1833 531 1907 18,
543 1824 770 1915 Ἀρίστιππος
784 1825 881 1897 οὐδὲν
894 1827 930 1896 ἕν
943 1831 990 1918 τῷ
1005 1831 1139 1919 φανερῷ
1154 1829 1234 1914 περὶ
1254 1828 1308 1898 τέ-

83 1945 85 1950 ’
145 1933 223 2012 λαις
237 1931 417 2014 διελέξατο,
434 1928 572 2013 δυνάμει
588 1929 626 1998 δι’
639 1930 697 2020 τῆς
712 1927 924 2015 εὐδαιμονίας
935 1931 994 2019 τὴν
1006 1928 1193 1998 ὑπόστασιν
1203 1928 1309 2017 ἔλεγεν

145 2031 181 2102 ἐν
196 2029 338 2123 ἡδοναῖς.
368 2035 537 2118 Aristippus
553 2053 644 2116 quum
659 2034 731 2097 nihil
745 2037 1003 2098 ‹letonebonorum
1019 2036 1128 2117 apertis
1143 2035 1240 2099 verbis
1254 2039 1309 2098 do·

145 2149 233 2216 seret,
245 2149 354 2214 umen,
369 2139 395 2203 si
410 2137 477 2222 quis
492 2135 550 2200 rim
566 2145 595 2200 ct
610 2137 784 2201 sententiam
799 2155 913 2210 corum,
929 2155 1003 2218 quae
1014 2137 1124 2213 docuit,
1135 2137 1309 2214 consideret,

145 2242 259 2306 beatam
274 2243 360 2306 vitam
377 2238 574 2323 voluptatibus
590 2249 724 2302 constare
739 2238 819 2302 dixit
838 2272 881 2284 -
908 2229 1057 2301 Ἐκεῖθεν
1075 2239 1155 2321 apud
1170 2239 1308 2303 Philode·

145 2363 227 2408 mum
243 2345 278 2409 ad
295 2343 500 2426 Xenophontis
518 2342 741 2405 oeconomicum
758 2341 905 2424 pertinere
921 2341 1110 2404 manifestum
1126 2353 1186 2404 est:
1201 2343 1237 2405 de
1252 2343 1309 2405 hoe

145 2449 221 2509 enim
242 2448 273 2508 in
293 2447 447 2529 superiore
468 2443 591 2528 periodo
606 2443 735 2508 dixerat:
762 2435 858 2507 αι’·δὲν
883 2435 935 2506 ἔτι
955 2440 1009 2506 δεῖ
1033 2438 1309 2527 προσδιατρῖβειν

144 2547 215 2622 τοῖς
229 2546 442 2632 Ξενοφῶντος
457 2539 687 2626 οἰκονομικοῖς.
718 2547 813 2622 Ουτοι
834 2565 901 2609 vere
920 2556 1017 2610 autem
1034 2546 1231 2629 Theophrasti
1247 2547 1308 2630 ple·

144 2668 246 2730 raque,
262 2649 287 2713 si
301 2649 367 2730 quis
381 2645 441 2728 ταῖς
455 2641 612 2731 δανιῖμεις
626 2658 746 2730 spectet,
761 2667 776 2711 e
792 2648 1000 2731 Xenophontis
1015 2649 1209 2713 oeconomico
1226 2669 1308 2713 sum-

145 2751 248 2814 matim
268 2751 404 2817 translata
424 2743 751 2839 (κικεφαλαιωμένα)
772 2751 923 2828 dicantur,
943 2751 986 2814 rel
1006 2772 1041 2815 ex
1056 2751 1092 2814 iis
1106 2771 1181 2835 quae
1198 2755 1308 2836 passim
1341 2797 1344 2803 -

146 2871 235 2935 supra
251 2873 267 2916 a
283 2853 370 2919 nobis
390 2865 621 2920 coeuntemorata
640 2863 710 2918 sunt
729 2854 800 2917 satis
820 2861 956 2938 apparet¹
970 2858 1010 2933 1).
1039 2855 1309 2938 ldemqueetiama

145 2955 249 3019 ceteris
269 2959 478 3023 oeconomiam
503 2955 698 3038 scriptoribus
723 2959 831 3020 lactum
857 2977 924 3020 esse
949 2973 1010 3018 non
1034 2957 1230 3039 improbabile
1251 2968 1309 3021 est:

146 3058 338 3141 quamobrem
363 3061 394 3125 hi
420 3061 476 3125 dici
497 3068 658 3144 potuerunt
679 3063 765 3143 perosi
781 3059 857 3122 allii
875 3059 1058 3124 immutasse.
1092 3061 1179 3136 Quod
1196 3052 1310 3142 ὥσπερ

145 3161 302 3242 posuimus
317 3157 426 3245 proris
437 3155 531 3247 irtio,
547 3161 716 3226 violentiam
732 3172 809 3226 certe
821 3162 992 3226 montionis
1004 3163 1134 3228 accusari
1147 3181 1210 3227 non
1222 3183 1312 3247 posse

145 3263 337 3330 confidimus:
353 3277 382 3331 ct
397 3259 513 3349 ὥσπερ
529 3255 638 3340 σι’·δὲν,
654 3264 720 3329 licet
734 3265 865 3348 exempla
877 3266 963 3348 plane
974 3266 1101 3348 gemina,
1117 3266 1224 3349 quibus
1239 3268 1312 3330 hace

146 3365 209 3446 ipsa
222 3367 372 3449 utriusque
387 3368 469 3432 vocis
485 3366 667 3432 consociatio
684 3366 842 3450 probetur,
857 3386 919 3431 non
935 3367 964 3430 in
980 3379 1122 3452 promptu
1137 3369 1207 3445 sint,
1222 3381 1312 3453 potu·

146 3466 206 3529 isse
220 3474 318 3530 tamen
332 3470 388 3533 diei
399 3487 489 3533 nemo
506 3468 587 3535 lacils
602 3470 727 3551 negabit,
742 3470 791 3550 qui
807 3488 869 3534 non
884 3489 952 3534 raro
967 3465 1083 3556 ὥσπερ
1097 3491 1153 3556 pro
1169 3477 1257 3556 puori
1268 3473 1311 3535 rel

143 3571 355 3651 propemodum
369 3571 507 3653 usurpari
524 3570 700 3634 oncminerit.
730 3571 771 3634 Ci.
795 3572 945 3636 llcindorl.
965 3573 1002 3637 sd
1025 3574 1098 3638 l‘lat.
1118 3575 1222 3658 Cratpl.
1244 3575 1308 3652 53.
1325 3586 1358 3639 ts

147 3665 246 3754 Neque
259 3667 502 3758 μετηλλοῖχασιν
515 3692 572 3755 pro
585 3667 843 3759 μποῖλεδνιασιν
860 3675 1023 3757 repositum
1040 3677 1191 3741 offendere
1204 3697 1310 3760 quem·

146 3791 235 3857 quam
255 3775 378 3857 poterit,
397 3793 490 3859 quum
511 3775 583 3840 nihil
603 3775 639 3839 sit
661 3774 691 3840 ln
711 3775 862 3841 codicibus
881 3776 1043 3843 litterarum
1064 3799 1087 3844 α
1105 3792 1135 3845 et
1148 3801 1199 3860 av,
1212 3803 1234 3863 χ
1247 3792 1311 3847 etse

216 4061 257 4120 lll
276 4060 409 4115 llsxisnsm
427 4061 506 4114 libelli
528 4063 602 4115 huius
618 4071 714 4130 partem
732 4061 925 4131 exessptmse
942 4065 1042 4119 ductm
1060 4081 1119 4119 esse
1134 4067 1313 4124 animaduertit

145 4145 220 4198 etism
233 4145 260 4200 C.
274 4147 305 4201 ll.
317 4147 380 4216 llas,
391 4148 532 4200 Aristeus·
545 4147 592 4202 tar
604 4149 852 4220 Vottrscr'rtlrelmst
864 4151 948 4220 (lips.
963 4151 1054 4216 tstt.)
1067 4169 1091 4222 p.
1104 4153 1134 4220 ἵ,
1146 4155 1188 4208 nbi
1205 4159 1269 4210 base
1279 4159 1311 4210 ds

145 4244 177 4280 sc
190 4234 341 4286 metendam
352 4233 428 4286 dieite
440 4231 502 4284 elles
514 4233 609 4288 krusts
619 4235 674 4288 diss
686 4234 818 4304 euersor
828 4239 901 4290 τίνοι
913 4241 1026 4306 Ausees
1037 4255 1088 4294 sus
1100 4239 1251 4316 Xessplsae,
1262 4250 1310 4300 su't

144 4311 239 4370 Stettss
250 4335 300 4371 sss
311 4317 358 4372 der
369 4316 582 4371 Aristotsltsrlsu
596 4320 688 4374 roret
700 4323 844 4388 esrirdmt,
860 4323 959 4390 suro,
970 4341 1046 4380 seces
1063 4327 1310 4386 ussermannus·

144 4397 246 4474 rapam
254 4409 336 4459 aaa
347 4401 581 4471 macomeria
592 4407 657 4460 aa·
668 4407 822 4460 meacm
835 4407 931 4464 trau
939 4411 1094 4480 geom
1106 4417 1153 4469 ao.
1251 4395 1256 4405 '
1282 4395 1286 4402 ’
