3092 4964
685 573 762 584 —nu-
773 573 887 584 -ι--ι

210 679 391 761 nophoutem
406 685 435 739 et
445 672 631 739 Aristotelem
642 676 816 759 praecipuas
831 687 930 760 partes
946 679 1030 743 uxori
1043 681 1212 764 assignasse
1226 686 1270 750 rel
1285 707 1320 750 ex
1335 707 1370 752 eo

210 781 304 864 colligi
319 789 425 864 potest,
440 780 520 863 quod
535 777 681 843 Stohaeus
696 779 739 842 tit.
755 779 840 856 85st
856 790 928 844 tom.
943 781 982 846 ΠΙ
996 801 1027 865 p.
1042 785 1102 848 175
1117 805 1185 851 euru
1200 788 1309 854 dixisse
1323 808 1371 854 re-
1439 793 1441 798 '

211 889 273 960 lert,
287 874 327 948 ori
347 879 406 970 xpri
428 878 488 970 τὴν
508 880 646 966 γυναῖκα
668 876 778 968 δεινὴν
799 875 835 948 ἐκ
854 883 925 960 τοῖς
946 881 1136 966 πολιτικοῖς
1157 880 1229 954 dtt’
1247 885 1282 958 ἐκ
1302 892 1374 970 τοῖς

211 979 434 1069 οἰκονομικοῖς
454 973 550 1051 εἶναι.

296 1089 513 1155 Firmissimum
529 1105 621 1172 porro
636 1105 740 1152 causae
754 1106 826 1153 suae
842 1091 1021 1172 praesidium
1037 1093 1230 1178 Goettlinpius
1246 1096 1315 1161 inde
1326 1116 1376 1162 ra·

213 1193 294 1279 petit,
308 1194 387 1276 quod
403 1195 542 1277 pleraque
556 1193 588 1257 in
602 1193 661 1256 lroc
675 1193 867 1258 oeconomico
883 1194 982 1259 libello
998 1215 1066 1260 cum
1081 1197 1246 1264 Aristotelis
1261 1201 1376 1284 placitis

213 1298 286 1361 adeo
301 1297 484 1380 conspirent,
499 1304 533 1360 ut
546 1311 609 1358 non
623 1294 742 1378 possint
755 1314 816 1358 non
831 1297 867 1360 ad
884 1299 964 1362 hunc
978 1299 1078 1383 ipsum
1097 1311 1248 1366 auctorem
1264 1305 1377 1380 reterri,

164 1415 197 1468 tt
214 1409 319 1464 etune
334 1397 421 1462 ιιὶοιιι
435 1399 511 1474 Ιοοο,
526 1397 576 1480 qui
590 1407 638 1461 est
651 1417 714 1480 rap.
729 1397 749 1461 3
764 1397 815 1474 in„
828 1397 995 1464 Aristotelis
1011 1401 1138 1478 dietum,
1159 1402 1244 1468 Polit
1269 1407 1297 1479 1,
1314 1409 1327 1468 1
1347 1425 1377 1488 p.

215 1503 250 1579 2,
268 1504 319 1578 ll,
340 1501 421 1564 citari
440 1500 571 1565 rideatur
589 1499 636 1563 his
656 1500 766 1564 serbis:
798 1491 978 1567 ὗπόκιιτοι
1000 1499 1061 1589 γὰρ
1084 1497 1177 1590 ἡμῖν
1198 1501 1233 1571 ἐν
1254 1497 1378 1584 ἄλλοις.

217 1706 246 1770 in
261 1707 307 1784 iis,
320 1725 394 1790 quae
405 1706 441 1771 de
452 1705 556 1770 iisdem
565 1725 632 1770 erun
647 1705 788 1788 magistro
803 1710 983 1790 argumentis
999 1709 1212 1788 disseruertmt,
1226 1709 1314 1774 huius
1328 1729 1369 1773 re

217 1810 302 1892 stigio
316 1828 451 1892 premere
470 1810 589 1885 solitos,
605 1819 775 1892 tantamque
790 1811 952 1876 multorum
974 1831 1009 1876 cx
1023 1813 1070 1877 his
1086 1831 1153 1877 cum
1168 1812 1323 1877 Aristotele
1337 1811 1380 1877 si·

218 1912 410 1976 militudinem
426 1913 531 1988 luisse,
548 1923 580 1976 ut
598 1931 660 1977 nou
681 1912 771 1978 modo
791 1913 827 1977 ud
848 1912 1037 1978 illustrandos
1052 1915 1212 1994 obscuros,
1225 1915 1279 1980 sed
1294 1915 1381 1980 etiam

218 2016 254 2080 ud
271 2015 472 2080 emendandos
487 2023 646 2098 conuptos
660 2015 895 2081 Aristoteliorum
907 2015 1051 2082 librorum
1062 2019 1144 2082 locos
1159 2019 1267 2083 horum
1283 2018 1381 2082 imita·

219 2130 317 2183 torum
333 2118 442 2200 scripta
457 2116 586 2180 adhiberi
602 2119 762 2199 potuerint
792 2119 854 2182 t'td.
869 2119 994 2184 Brandis
1009 2121 1039 2184 in
1052 2121 1126 2184 llus.
1137 2122 1233 2185 Rhea.
1247 2122 1261 2183 l
1276 2140 1306 2203 p.
1318 2119 1381 2184 283

220 2230 250 2285 et
263 2221 361 2284 Stahr.
376 2220 523 2284 Aristotel.
539 2219 573 2283 ll.
594 2240 623 2303 p.
640 2219 785 2286 so-st.
826 2222 859 2285 ld
879 2221 998 2304 iqitura
1018 2223 1226 2306 Theophrasto
1245 2223 1332 2288 etiam
1351 2223 1383 2287 iu

220 2322 350 2387 Politieis
366 2325 474 2386 iactum
489 2342 565 2399 esse,
580 2341 671 2405 quum
686 2342 739 2405 per
753 2343 786 2387 se
800 2324 936 2388 credibile
950 2326 998 2400 sit,
1015 2336 1077 2388 turn
1094 2327 1135 2388 rel
1150 2347 1184 2389 ex
1205 2345 1240 2390 eo
1256 2325 1384 2406 colligas,

222 2426 302 2509 quod
316 2426 473 2508 Dionysius
489 2425 631 2488 llalicaru.
646 2427 680 2488 A.
695 2427 730 2489 ll.
749 2426 779 2501 V,
795 2427 835 2490 id
851 2438 1030 2509 oespmeetos
1041 2446 1058 2490 a
1070 2428 1277 2510 Theophrasto
1292 2419 1384 2513 cipe·

222 2523 299 2604 redc
312 2523 487 2613 septimove
505 2527 599 2590 dictos
620 2547 686 2590 esse
704 2529 807 2604 refert,
826 2529 912 2610 plane
932 2539 966 2592 ut
980 2529 1016 2592 ah
1031 2528 1186 2593 Aristotele
1199 2529 1285 2594 Pelit.
1300 2529 1348 2604 lli,
1363 2529 1384 2594 9

224 2651 253 2714 p.
270 2633 337 2707 tot,
349 2631 386 2698 21
405 2633 513 2695 horum
528 2629 708 2713 principatus
724 2621 837 2716 cipere}
852 2624 1002 2716 τυραννίς
1016 2640 1149 2696 vocatur:
1175 2652 1210 2695 ex
1235 2651 1295 2714 quo
1320 2633 1385 2715 ipse

224 2733 414 2816 Goettlinqius
429 2736 519 2817 prael.
539 2735 576 2797 ad
596 2733 705 2796 Oecon.
725 2752 755 2814 p.
775 2733 839 2795 xvt
865 2733 1061 2814 Theophrasti
1087 2733 1208 2798 Politica
1234 2735 1305 2798 nihil
1327 2734 1385 2798 nisi

222 2837 458 2902 Aristoteliomm
478 2838 637 2919 epitomam
660 2835 753 2899 luisse
777 2835 873 2917 praullo
893 2837 1020 2899 tortasse
1039 2835 1159 2899 calidius
1179 2837 1319 2914 coniecit3
1338 2837 1385 2900 alii

223 2951 320 3004 auteur
335 2941 392 3005 hos
408 2940 491 3022 ipsos
508 2958 584 3022 quos
599 2937 741 3004 habemus
760 2937 924 3002 Aristotelis
943 2937 1135 3003 Politicorum
1156 2939 1248 3003 lihres
1267 2957 1329 3003 non
1350 2939 1387 3004 ab

224 3045 282 3108 hoc
295 3045 348 3108 sed
363 3064 380 3107 a
394 3043 601 3126 Theophrasto
618 3043 747 3126 scriptos
761 3061 827 3105 esse
842 3040 953 3123 opinati
968 3051 1048 3105 sunt.
1079 3042 1178 3123 ltaque
1193 3060 1281 3106 nemo
1296 3042 1387 3106 mira·

224 3147 301 3211 hitur
315 3147 402 3210 etiam
418 3147 495 3210 illam
511 3145 547 3209 de
562 3146 685 3210 naturali
700 3145 736 3208 ad
757 3144 896 3207 similium
911 3144 1146 3226 procreationem
1162 3144 1302 3208 instinctu
1316 3161 1387 3208 sen·

226 3250 346 3314 tentiam
360 3285 402 3297 -
417 3268 492 3331 quae
506 3267 543 3312 ne
557 3249 678 3332 propria
694 3247 811 3330 quidem
827 3247 991 3311 Aristotelis
1008 3245 1060 3309 luit
1074 3281 1117 3293 -
1132 3247 1163 3310 in
1177 3246 1273 3329 aliquo
1286 3246 1387 3310 Thec-

227 3352 338 3435 phrasti
353 3353 443 3430 libro,
458 3351 518 3416 sive
532 3351 656 3416 Politice
672 3353 733 3414 sive
746 3351 814 3426 alio,
829 3351 1012 3433 propositam
1023 3349 1122 3428 luisse,
1138 3369 1232 3432 eoque
1240 3349 1388 3433 pertinere

227 3456 295 3520 illud
312 3447 489 3521 ὗπόκειται
504 3449 609 3542 ἡμῖν,
625 3455 685 3518 siro
699 3455 758 3520 hoe
772 3455 836 3537 ipse
846 3453 1081 3537 Theophrastus,
1096 3453 1158 3518 sire
1169 3473 1204 3517 ex
1218 3455 1281 3518 eius
1297 3455 1388 3518 scho-

227 3559 263 3622 lis
281 3558 385 3641 aliquis
405 3559 564 3641 discipulus
584 3559 742 3643 scripsisse
767 3557 913 3622 statuitru.
957 3557 1058 3639 Neque
1086 3557 1180 3639 magis
1206 3557 1281 3620 mira
1300 3555 1390 3620 rideri

228 3671 326 3744 protest
345 3672 509 3728 ceterorum
529 3664 558 3727 in
578 3661 770 3728 oeconomico
797 3671 901 3726 nostro
926 3661 1101 3743 placitorum
1126 3679 1193 3724 cum
1213 3659 1388 3724 Aristotehis

228 3766 437 3830 consestentis.
481 3768 567 3844 Quod
588 3776 685 3831 autern
710 3764 918 3847 Goettlingius‚
938 3773 972 3828 ut
985 3763 1092 3846 aliquid
1107 3771 1206 3827 tamen
1220 3763 1257 3826 iis
1271 3781 1392 3845 quoquc¹

229 3870 415 3946 concedatur,
431 3869 481 3953 qui
496 3870 577 3946 olim,
591 3868 841 3953 quemadmodum
858 3867 922 3952 ipse
933 3866 1139 3931 Philodemum
1154 3865 1301 3930 dicentem
1317 3864 1392 3940 lecit,

229 3972 356 4037 libellum
375 3983 513 4038 nosuum
533 3973 741 4058 Thmphrasto
758 3971 904 4036 vindicare
922 3969 1114 4045 studuerunt,
1134 3970 1295 4051 epitomem
1315 3967 1393 4032 hauc

230 4095 294 4140 osse
314 4076 374 4140 rult
390 4097 426 4141 ex
441 4075 579 4142 uberiore
598 4075 763 4140 Aristotelis
782 4075 857 4139 lihro
878 4094 895 4137 a
915 4073 1122 4154 Theophrasto
1142 4069 1394 4136 consumebas

234 4177 304 4240 urihi
323 4179 455 4261 quidem,
477 4181 645 4244 unirmsam
670 4179 733 4244 eius
757 4177 886 4242 indolem
911 4186 941 4240 et
967 4173 1232 4240 conformationem
1258 4171 1393 4246 intuenti,

233 4278 319 4362 longe
333 4281 432 4346 minus
447 4283 505 4347 reri
521 4283 615 4348 sinaiis
628 4283 753 4359 ridetur,
768 4300 857 4364 quam
871 4279 902 4343 id
918 4279 997 4361 quod
1012 4295 1102 4361 supra
1117 4275 1220 4360 posui,
1238 4285 1289 4340 aut
1303 4272 1394 4338 disci·

235 4382 295 4464 puli
310 4383 499 4465 scriptionem
514 4385 590 4450 hanc
602 4405 670 4450 esse
683 4406 701 4450 a
715 4383 826 4450 scholis
841 4379 1039 4464 Theophrasti
1057 4378 1229 4444 summatim
1247 4387 1278 4442 et
1295 4375 1405 4440 minus

235 4495 368 4548 aequata
381 4487 521 4568 repetitis,
535 4499 594 4563 aut,
609 4489 635 4552 si
647 4488 741 4572 ipsius
753 4483 963 4568 Theophrasti,
977 4481 1049 4548 nihil
1061 4479 1300 4548 nisisuhittn‘um
1309 4497 1394 4544 com·
