3092 4964
679 481 742 550 209

614 573 816 588 -1-2*

132 673 199 740 loco
213 677 334 760 propria
349 677 560 761 Epicureorum
576 673 767 740 oeconomiae
782 682 933 757 praecepta
948 672 1028 747 edat,
1047 690 1104 736 nos
1123 688 1204 735 nunc
1218 669 1248 735 in
1262 687 1297 735 ee

134 778 324 860 potissimum
339 792 421 865 parte
440 777 670 852 continebimur,
693 797 767 860 sprec
791 778 828 841 ad
848 777 1044 858 Theophrasti
1070 775 1296 838 oeconomicum

133 883 273 962 pertinet,
298 885 443 964 simulque
460 880 625 946 Philodemi
652 879 689 945 de
712 890 833 946 sudore
856 879 942 944 libelii
966 876 1171 942 testimonium
1195 887 1297 940 eontra

133 985 342 1069 Goettiinqium
358 985 431 1049 tueri
448 985 634 1064 connhimur3
649 1005 724 1068 quae
738 995 841 1050 contra
855 983 1083 1066 Xenophontem
1098 980 1296 1063 disputantur,

133 1106 214 1154 nuno
228 1088 345 1172 quidem
361 1089 446 1172 piane
461 1091 741 1172 praetemaittemus3
755 1090 792 1153 ds
807 1087 936 1172 propriis
952 1084 1116 1150 Philodemi
1132 1085 1296 1168 praeceptis

133 1210 223 1274 pauco
235 1191 376 1275 quaedam
386 1192 590 1266 delibabimus.

220 1295 379 1362 Exorditur
393 1297 619 1382 Theophrastus
634 1319 650 1364 a
665 1297 836 1364 discrimine
850 1295 941 1361 ciuilis
960 1305 989 1359 et
1003 1291 1183 1364 domesticae
1202 1291 1296 1356 admi·

134 1398 332 1478 nistmtionis,
346 1423 453 1486 easque
468 1422 529 1468 non
548 1414 669 1469 catenus
688 1404 786 1468 solum
807 1401 930 1466 intense
950 1400 1067 1464 differre
1080 1397 1133 1475 ait,
1152 1407 1296 1480 quatenns

133 1521 208 1584 quae
224 1504 352 1571 subiecta
367 1506 483 1591 utrique
498 1517 577 1584 sunt,
593 1507 692 1573 ciuitas
706 1516 735 1573 et
750 1509 867 1582 domus,
882 1503 1199 1577 intercederemus
1211 1507 1297 1571 etiam

134 1627 179 1683 eo,
198 1608 278 1691 quod
298 1609 328 1674 in
350 1611 437 1676 altera
457 1611 596 1696 plurium,
616 1613 645 1676 in
665 1612 753 1676 attera
772 1611 861 1675 rrnius
877 1611 915 1675 sit
930 1609 1102 1693 imperium:
1121 1599 1141 1695 ἡ
1156 1605 1218 1695 μὲν
1231 1631 1298 1676 mo·

134 1707 244 1802 λιτινὴ
269 1705 306 1778 ἐκ
328 1711 460 1780 πολλῶν
481 1707 645 1802 ἀρχόντων
666 1705 770 1789 ἐστίν,
797 1705 816 1801 ἡ
846 1706 1038 1801 οἰκονομικῇ
1062 1707 1101 1779 δὲ
1124 1707 1296 1799 μοναρχία.

136 1817 312 1902 Conspirare
326 1820 399 1884 hacc
417 1839 483 1884 cum
506 1819 542 1883 iis
562 1837 638 1902 quae
652 1817 824 1882 Aristoteles
844 1817 930 1881 docet
944 1817 1029 1882 Polit.
1050 1819 1076 1893 1,
1094 1819 1114 1883 2
1135 1839 1164 1902 p.
1184 1821 1236 1894 11,
1257 1819 1294 1882 tt

135 1928 164 1982 et
178 1921 230 1996 ttt,
254 1925 292 1988 10
308 1941 337 2005 p.
357 1923 429 1998 103,
445 1923 479 1997 2,
493 1921 549 1985 iam
566 1920 759 2001 Goettiingius
776 1919 899 1985 monuit.
930 1919 1142 1985 dPhilodemo
1157 1932 1255 1986 autem
1270 1942 1299 2004 p.

136 2025 187 2096 ts,
204 2023 241 2087 13
254 2025 360 2088 Goettt.
374 2034 467 2088 totum
480 2022 538 2086 hoc
548 2023 701 2088 exordium
717 2021 951 2104 reprehenditur,
967 2023 1097 2106 primum
1112 2025 1180 2106 quia
1194 2043 1299 2107 super·
1438 2029 1441 2036 ’

136 2142 293 2190 vacaneum
310 2125 396 2188 tuerit
411 2125 448 2188 dc
462 2125 597 2208 politicse
612 2133 641 2188 et
656 2123 863 2188 oeconomicae
877 2123 1047 2188 discrimine
1065 2144 1227 2208 exponere:
1245 2117 1301 2190 oi·-

136 2220 192 2289 ds'v
206 2223 268 2308 γὰρ
284 2215 332 2302 εἷς
345 2217 559 2312 οἰκονομικήν
572 2222 612 2290 cd
629 2219 804 2314 διαφέρειν
816 2223 877 2313 τῆς
891 2223 1081 2314 molestaris:
1096 2227 1203 2292 deinde
1221 2227 1300 2311 quod

135 2345 173 2389 nc
189 2347 291 2391 uerum
306 2329 426 2411 quidem
441 2329 480 2392 sit
495 2328 643 2411 politicam
664 2329 850 2412 neutiquam,
871 2329 1092 2393 oeconomicam
1112 2349 1182 2394 vero
1202 2331 1301 2413 utique

136 2430 225 2493 unius
239 2430 523 2495 administrationem
539 2451 620 2506 esse,
641 2449 738 2514 neque
753 2451 882 2514 unquam
898 2453 964 2496 esse
979 2432 1008 2496 in
1024 2441 1162 2516 utraque,
1178 2452 1252 2516 quae
1265 2432 1300 2496 ad

136 2532 255 2597 atterius
269 2534 489 2598 similitudinem
505 2535 658 2598 accedant:
673 2531 731 2599 καὶ
748 2527 799 2599 ἔτι
811 2529 939 2617 Ψεέὀός
952 2529 1024 2599 duct
1040 2531 1080 2598 cd
1094 2533 1153 2622 τῆν
1166 2533 1301 2600 πολιτν-

134 2631 194 2720 nde
209 2631 343 2714 πάντως
356 2631 401 2723 μὴ
416 2629 597 2720 μοναρχίαν
611 2623 707 2714 εἶναι,
727 2632 784 2699 καὶ
802 2631 843 2698 cd
860 2633 919 2723 τὴν
937 2627 1150 2723 οἰκονομικὴν
1169 2631 1302 2712 πόντιος

28 2787 30 2793 .
134 2730 325 2820 μοναρχίαν,
341 2731 398 2801 καὶ
411 2732 546 2824 μήποτε
561 2730 774 2821 ἀναλογοῦντ’
785 2726 871 2802 εἶναι
887 2733 968 2822 περὶ
978 2729 1146 2823 ἑκατέραν.
1173 2741 1232 2804 Pro
1243 2735 1299 2802 καὶ

135 2830 186 2901 ἔτι
203 2839 233 2902 in
248 2839 426 2904 editionibus
438 2840 543 2922 iegitur
563 2827 626 2902 cdiv
646 2831 689 2916 si,
710 2840 790 2921 quod
810 2841 878 2904 torri
897 2859 958 2904 non
980 2860 1069 2925 posse
1088 2841 1161 2906 mihi
1180 2841 1299 2922 quidem
1315 2851 1332 2902 t

135 2939 335 3004 certissimum
350 2941 472 3006 videtur.
502 2941 577 3006 Nam
592 2941 672 3025 quod
684 2941 879 3024 Goettiinqius
894 2961 952 3006 nos
967 2943 1003 3005 ad
1020 2944 1150 3008 notulam
1166 2961 1251 3006 suam
1271 2944 1300 3006 in

135 3042 223 3107 Arist
240 3043 325 3108 Poiih
341 3064 371 3127 p.
386 3043 459 3110 285.
475 3043 613 3118 remittit,
630 3043 679 3107 ubi
695 3033 758 3106 cde
772 3035 803 3108 si
817 3045 894 3126 apud
911 3045 1097 3108 Aristotelem
1113 3045 1231 3128 saepius
1246 3064 1301 3129 pro

135 3140 193 3208 καὶ
209 3137 240 3210 ci
254 3146 377 3210 inveniri
391 3146 491 3210 docet:
507 3165 562 3230 ego
577 3165 615 3210 ne
629 3147 689 3211 hoc
704 3147 803 3230 ipsum
815 3147 932 3228 quidem
948 3143 1007 3212 καὶ
1023 3139 1054 3212 εἶ
1067 3147 1137 3212 huic
1150 3149 1217 3210 ioco
1229 3166 1303 3211 con-

135 3249 234 3314 uenire
248 3251 384 3327 arbitror,
397 3269 489 3333 quum
504 3251 582 3315 uuita
597 3249 637 3315 sit
651 3250 727 3315 intm
741 3251 818 3315 hanc
829 3249 984 3333 periodum
997 3269 1120 3334 eamque
1130 3269 1205 3333 quae
1216 3269 1302 3334 prae·

136 3353 233 3429 cessit,
247 3374 321 3437 quae
336 3355 434 3438 pauido
448 3365 516 3420 ante
530 3375 546 3420 a
562 3375 610 3418 mc
624 3354 772 3438 adscripta
784 3364 843 3430 est,
859 3354 1065 3419 conditionalis
1078 3355 1122 3418 ret
1137 3353 1304 3419 concessise

136 3458 296 3534 connexio,
317 3459 369 3522 sed
383 3459 444 3523 hoc
457 3478 549 3524 unum
566 3468 683 3543 aptum,
698 3467 732 3522 ut
746 3467 903 3542 postquam
920 3457 1003 3541 prius
1019 3457 1217 3540 Theophrasti
1232 3475 1305 3540 pro·

135 3561 245 3643 positio
261 3571 399 3644 tanquam
416 3581 631 3644 supervacanea
647 3563 825 3645 reprehensa
840 3571 898 3637 est,
913 3581 994 3626 nunc
1007 3563 1095 3626 altera
1111 3561 1306 3644 reprehensio

136 3683 189 3746 per
204 3664 418 3730 continuativas
434 3665 590 3748 particulas
605 3665 787 3747 adiungatur.
817 3665 932 3740 Quodsi
947 3675 1045 3728 tamen
1060 3665 1130 3729 ihud
1145 3653 1208 3727 adr
1222 3655 1253 3728 εἶ
1274 3663 1304 3727 iu
1321 3647 1329 3657 ’

136 3786 248 3850 papyro
263 3769 349 3852 plane
363 3787 398 3834 ao
413 3778 494 3832 certo
509 3767 654 3851 scriptum
670 3775 762 3842 extat,
782 3785 903 3830 necesse
917 3767 974 3830 erit
988 3767 1152 3849 negativam
1173 3767 1305 3848 particu-

136 3869 193 3933 hm
209 3870 291 3934 addi:
310 3861 373 3934 cdv
393 3860 424 3935 εἶ
441 3865 488 3957 μὴ
507 3863 637 3956 ψεῦδός
651 3862 738 3948 duce,
758 3878 793 3932 ut
812 3870 884 3933 haec
902 3869 942 3932 sit
961 3869 1124 3934 Philodemi
1143 3867 1304 3932 sententis:

136 3991 382 4053 supervacaneam
397 3973 498 4056 utiquc
511 3991 578 4037 esse
591 3971 678 4037 istam
695 3972 731 4036 de
750 3971 920 4035 discrimino
936 3971 1070 4054 politicae
1084 3980 1114 4035 ct
1130 3971 1306 4035 oeconomi·

137 4094 187 4138 cae
201 4074 440 4158 disputationem,
454 4074 568 4140 etismsi
582 4093 645 4140 non
660 4075 765 4139 iaisom
778 4074 817 4138 sit
827 4075 907 4157 quod
920 4073 1041 4138 dicutur.
1072 4073 1129 4138 Sed
1141 4074 1188 4138 rix
1207 4083 1304 4138 tamen

137 4175 241 4252 credo,
260 4176 319 4242 hoc
335 4196 353 4241 a
367 4177 542 4242 Philodemo
563 4195 739 4242 concessum
759 4197 840 4250 osse,
862 4195 953 4259 quum
973 4175 1148 4258 pracsertim
1168 4177 1208 4242 sit
1227 4176 1304 4242 haud

112 4295 117 4308 ·
138 4277 225 4342 duhis
239 4279 270 4343 in
284 4279 334 4344 tho
349 4279 466 4363 placito,
481 4280 562 4364 quod
577 4279 753 4364 reprehendi
769 4299 860 4362 posse
871 4279 1013 4355 videatur,
1023 4278 1147 4363 ipsaque
1158 4279 1205 4344 tth
1218 4279 1306 4344 recha

137 4377 195 4446 καὶ
209 4374 344 4470 μήποτε
359 4371 582 4468 ἀναλογοῦντα
596 4369 683 4448 εἶναι
697 4377 777 4468 περὶ
793 4373 1013 4468 {scripseris
1027 4383 1146 4467 possint
1159 4383 1217 4448 aiio
1232 4400 1307 4447 cou-

138 4484 206 4548 silio
221 4485 320 4549 addita
334 4483 440 4562 rideri,
458 4503 546 4568 qum
561 4503 622 4566 quo
638 4485 750 4549 taedius
764 4485 1003 4568 Theophrasteee
1018 4487 1182 4551 sententiae
1197 4485 1307 4551 tustra

180 4586 231 4650 ut
1066 4591 1104 4652 tt
