3078 4954
155 651 368 744 ἀποσφαλεὶς
388 651 516 744 φρενῶν
537 649 647 740 πλανᾷ
668 662 699 717 et
719 652 918 736 sequentibus
953 651 1095 717 sexcenta
1116 652 1145 716 to
1161 673 1272 736 genna,
1294 655 1320 718 si

154 762 220 846 quis
234 762 292 826 hoe
306 771 382 842 agat,
397 759 526 824 invenire
540 759 620 824 nubo
635 758 753 840 negotiu
768 759 889 839 poterit:
905 775 959 838 ego
975 775 1056 822 nune
1069 757 1165 822 tribus
1177 759 1321 841 dduugar

154 865 294 948 exemptis
310 863 486 937 Homericis,
505 881 578 945 quae
594 862 689 926 obiter
703 861 851 943 quaerenti
871 861 965 943 prinra
980 881 1014 924 se
1031 861 1208 926 obtulerunt.
1237 861 1270 926 li.
1285 863 1320 936 it

154 969 232 1031 ata:
248 959 420 1046 αἴσχιστος
441 962 502 1050 γάρ
524 957 605 1052 α’ννῇρ
627 959 695 1030 iuri
706 955 811 1028 Ἴλιον
831 953 948 1051 ἢλθεν·
977 959 1106 1050 φολκὸς
1121 955 1194 1050 ἔην,
1214 961 1321 1045 χωλὸς

155 1063 185 1135 δ’
207 1061 319 1153 ἕτερον
340 1062 434 1132 πόδα
456 1064 523 1132 κτλ.
567 1069 741 1134 Deformitas
757 1068 922 1142 Thersitae,
938 1068 1067 1148 primum
1082 1067 1217 1130 uniuersa
1231 1087 1315 1132 rom·

155 1183 332 1244 rnemorrta,
353 1172 452 1234 statim
472 1190 526 1253 nar
544 1183 644 1255 portes
659 1171 844 1235 describitur.
887 1170 988 1244 xxn,
1005 1171 1081 1234 680:
1105 1171 1222 1255 Λητοῖ
1241 1159 1320 1235 irri-

155 1293 253 1339 oarern
275 1267 508 1360 καλλιπαρῄῳ·
537 1271 586 1360 φῆ
609 1269 694 1338 δοιαὶ
715 1269 851 1350 τεκέειν,
874 1266 894 1360 ἦ
918 1265 951 1336 δ’
973 1264 1056 1359 niun*
1080 1265 1211 1356 γείνατο
1232 1269 1318 1338 τισλ-
1377 1268 1380 1274 ’

154 1370 240 1453 inis.
271 1377 326 1440 0d.
341 1376 389 1450 tt,
404 1379 480 1441 tto:
504 1367 576 1440 ἀλλ’
592 1366 674 1462 αὐτοὶ
697 1367 826 1440 ἐσάωσε
840 1370 898 1439 καὶ
920 1369 1090 1462 ἐφράσατο
1102 1366 1179 1458 μέγ’
1194 1367 1316 1461 ὄνειαρ·

157 1471 342 1566 ἀμβροσίην
362 1471 430 1544 ὑπὸ
453 1481 526 1564 ῥῖνα
548 1471 676 1566 ἑκάστῳ
698 1475 787 1565 θῆκε
807 1473 964 1565 φέρουσα.

124 1647 125 1652 ,
242 1583 274 1646 ha
291 1583 386 1646 verbis
401 1583 568 1648 Promethei
583 1601 657 1664 quae
671 1582 807 1662 teguntur
821 1600 849 1644 r.
864 1581 937 1656 509,
956 1581 1008 1644 lb:

384 1678 423 1748 nri
444 1681 548 1748 roien
568 1681 667 1768 ταῖτῃ
693 1684 810 1768 Μοῖρα
832 1703 888 1746 ποι
902 1677 1102 1769 τελεσφόρος

383 1783 497 1868 κρᾶναι
523 1779 712 1868 πέπρωται,
1026 1867 1029 1872 ¹

156 1901 235 1953 reete
251 1888 428 1951 tt‘ieseterus
445 1888 582 1969 Μοῖραν
595 1905 656 1950 nnn
672 1895 809 1950 sortem
825 1886 876 1950 sed
892 1887 1034 1950 barram
1049 1887 1079 1950 h.
1095 1907 1122 1949 e.
1137 1887 1233 1951 iliram
1249 1907 1317 1968 nor·

157 2009 263 2054 sonam
279 2009 345 2052 esse
359 1990 507 2070 agnoseit:
523 1989 604 2072 quod
619 1999 715 2053 antem
730 1989 852 2052 rescribi
868 1988 941 2061 ruit,
962 1979 1068 2071 Μοῖρ’
1092 1981 1188 2066 ὅπως
1208 1987 1319 2053 reien-

157 2089 261 2182 φόρος
283 2086 393 2180 andeg,
415 2093 529 2155 ridetur
543 2091 630 2155 nobis
646 2091 821 2155 sententiam
836 2090 892 2154 loci
908 2109 1106 2174 eorrumpere.
1147 2091 1228 2154 biert
1241 2092 1319 2154 enim

157 2199 197 2262 ita
212 2197 418 2272 Prometheus,
434 2196 569 2260 nondum
586 2195 658 2259 haee
672 2195 715 2258 sie
730 2215 796 2258 esse
811 2197 871 2258 tato
886 2194 1053 2268 constituta,
1068 2203 1101 2259 nt
1114 2214 1132 2259 a
1146 2194 1237 2258 Parra
1252 2213 1319 2278 per·

157 2302 304 2376 heiantur,
319 2299 550 2380 habebimusque
566 2298 686 2362 barcam
703 2297 795 2361 satalia
810 2297 925 2362 decreta
940 2308 1162 2381 exsequentem,
1177 2298 1318 2362 diuersam

157 2405 280 2488 itaquea
296 2405 367 2468 Fato
382 2403 467 2486 eique
482 2412 647 2484 parentem,
667 2403 782 2485 qualem
797 2420 900 2466 vereor
915 2411 947 2465 ut
962 2401 1157 2467 Prometheus
1170 2413 1320 2482 agnoscat,
1335 2418 1352 2468 t

158 2509 206 2592 qui
225 2527 317 2591 quum
337 2499 472 2591 Μοίρας
494 2504 570 2570 diret
588 2501 648 2592 τῆς
669 2497 813 2593 α’νᾶγκρς
833 2497 1098 2594 οἶακοστρόφοις
1118 2510 1157 2585 (ν.
1172 2505 1250 2581 512,
1269 2503 1319 2581 ¹³)

158 2631 219 2676 nnn
241 2611 390 2676 ministras
415 2611 469 2674 bas
490 2609 600 2674 nlienae
622 2609 775 2673 cuiusdam
798 2609 966 2692 potestatis,
991 2609 1042 2672 sed
1065 2628 1198 2674 summas
1220 2628 1318 2674 rerum

158 2715 369 2780 moderatrioes
392 2735 409 2779 a
429 2733 461 2778 se
480 2712 580 2776 treberi
605 2713 762 2795 signitteat,
785 2712 918 2776 omnium
943 2721 1099 2777 erentnum
1123 2713 1316 2778 neoesuriam

160 2821 265 2884 seriem
281 2819 362 2902 ipsas
384 2817 589 2902 praefinientes
604 2827 629 2878 et
648 2816 855 2898 gubernantes.

245 2923 277 2985 hr
292 2921 424 2988 hierou'rii
440 2921 546 2996 uerbis,
563 2939 588 2984 r.
608 2921 698 2994 ibib,

383 3014 536 3088 abbatia
558 3016 620 3108 γὰρ
641 3017 688 3106 τῷ
710 3016 884 3108 φρονοῦντι
897 3016 944 3106 μὴ
968 3015 1077 3096 καλῶς

376 3116 458 3212 oiri
480 3115 563 3188 καθ’
586 3119 686 3211 nitrio
708 3115 841 3199 οὐδενός
861 3119 971 3204 μεῖζον
992 3120 1118 3199 σθένει,

159 3249 250 3312 quum
261 3227 376 3310 sintqui
385 3229 541 3309 rreinrprn
550 3223 661 3309 μεῖζον
674 3226 860 3290 scribendum
876 3235 1022 3300 censeant,
1038 3236 1117 3288 rorte
1128 3225 1164 3290 ah
1179 3227 1226 3290 his
1241 3227 1319 3290 Wie-

160 3332 270 3395 sehrus
296 3330 445 3394 dissentit:
472 3330 535 3411 ipse
559 3341 654 3392 autem
678 3329 708 3392 in
731 3332 789 3391 tine
811 3346 913 3391 uersus
936 3326 1057 3390 seroneti
1083 3328 1319 3410 interrogationis

161 3434 277 3516 signum
294 3433 364 3514 poni
381 3433 447 3507 ruit,
463 3433 542 3514 quod
563 3451 619 3514 qua
641 3431 753 3494 ratione
768 3431 831 3493 beri
847 3428 952 3510 possit,
967 3445 1029 3492 non
1045 3431 1202 3514 Ιιοττρὶτὶο.
1247 3431 1319 3494 h'arn

161 3536 340 3616 interrogare
355 3535 514 3599 Mercurius
535 3554 595 3597 non
616 3535 711 3616 potnit
730 3533 787 3596 nisi
802 3543 852 3595 aut
866 3533 925 3596 hoe
944 3533 1049 3596 modo:
1071 3534 1242 3616 numquid
1256 3543 1322 3605 est,
1369 3581 1372 3586 .

161 3656 228 3719 quo
250 3637 330 3719 ptus
349 3636 485 3718 polleat
503 3633 749 3699 contumueia?
764 3667 805 3680 -
821 3634 851 3695 iu
866 3651 923 3715 qua
943 3634 1174 3718 interrogatione
1188 3636 1322 3700 indefini-

161 3751 225 3804 tum
241 3757 406 3822 pronomen
422 3739 592 3820 ponendum
610 3737 700 3800 hriase
714 3745 849 3818 apparet,
862 3731 934 3818 μῶν
947 3757 1038 3815 τινος
1055 3734 1169 3820 μεῖζον
1190 3733 1322 3813 σθένει,-

163 3879 204 3935 7-
223 3854 273 3908 aut
298 3845 370 3906 troo:
396 3841 562 3925 quidnam
581 3851 648 3914 eet,
673 3858 741 3921 quo
767 3839 848 3920 ptus
873 3839 1008 3921 polleat
1027 3839 1273 3906 contumacia?
1293 3853 1325 3906 ut

162 3964 329 4030 pronomen
351 3955 474 4026 poneret
493 3943 745 4024 interrogativum:
765 3933 855 4017 τίνος
876 3933 946 4023 ἔχει
966 3939 1080 4025 μεῖζον
1101 3941 1240 4022 σθίνοςς
1267 3947 1324 4022 Qui

161 4056 259 4111 untem
281 4045 326 4110 aio
349 4046 523 4128 interrogat:
548 4044 695 4109 nuttane
720 4063 757 4109 re
783 4043 866 4125 pius
893 4045 1007 4126 pollet
1032 4047 1281 4112 rorrtumaeia?
1300 4049 1326 4112 is

163 4146 320 4229 signifieat,
336 4145 403 4220 hoe,
419 4147 498 4229 quod
513 4154 559 4210 est
572 4145 603 4209 in
619 4145 674 4208 har
683 4144 912 4228 interrogatione
926 4147 1074 4230 posituro,
1093 4149 1225 4214 sibinen
1241 4151 1280 4215 ita
1295 4173 1328 4216 se

164 4249 271 4314 habero
285 4247 383 4320 rideri,
397 4247 427 4311 h
443 4265 470 4309 e.
485 4265 546 4310 non
559 4247 649 4311 videri
661 4247 716 4311 sibi
731 4247 803 4312 nihil
816 4269 891 4325 esse,
904 4267 965 4332 quo
981 4252 1048 4333 plur
1061 4254 1245 4318 contumacia
1260 4253 1328 4337 pot·

163 4351 234 4426 teat,
255 4349 306 4412 set
325 4366 392 4412 esse
412 4346 512 4430 potius
532 4347 641 4430 aliquid
653 4348 813 4413 eiusmodi:
832 4369 907 4432 quae
920 4353 1065 4417 renuntia
1078 4373 1166 4436 quarn
1182 4355 1274 4420 abror
1289 4355 1328 4418 ait

166 4449 339 4517 abiercurii
359 4467 503 4530 parona,
524 4450 590 4530 quis
609 4469 671 4515 non
692 4449 852 4532 intelliget?
900 4452 968 4518 tutt
993 4453 1074 4518 enirn
1099 4455 1240 4538 proferto
1266 4455 1327 4519 nihi
