3078 4954
194 687 295 752 Paride
309 687 429 750 dicitur:
455 677 550 772 ι”τλυς
564 679 654 749 θεῶν
670 675 804 762 ἅλοιτδς
818 679 956 771 ἐκβῆναι
971 676 1081 772 δίκην,
1095 678 1143 750 λα’
1148 683 1218 765 ξας
1230 680 1357 774 τρόπι-

194 787 250 869 ζαν
268 780 510 864 κδνακυποίσας
528 781 642 867 θέμιν.
678 788 778 870 ltaque
792 789 945 852 voluerunt
959 787 998 850 illi
1023 781 1193 871 λάκτισμα
1219 783 1357 856 δείπνου

193 895 267 958 idom
283 894 443 976 essequod
459 883 624 974 ἀτίμωσιν
636 886 810 976 τραπέζας,
826 891 1074 975 quemadmodum
1090 892 1251 976 Aeschylus
1266 913 1356 977 supra

192 998 330 1078 loquutus
349 1005 395 1060 est
409 1017 436 1060 v.
451 997 529 1071 6773
557 995 695 1077 quodque
717 995 753 1057 do
772 995 886 1058 Paridis
909 993 1015 1059 iniuria
1037 1003 1117 1058 recte
1135 995 1255 1069 dicitur,
1279 986 1357 1060 idom

192 1099 277 1163 ctiam
292 1102 330 1164 alo
344 1099 422 1163 birci
442 1099 571 1162 bacinore
589 1097 644 1161 elici
666 1097 799 1181 potuisse
818 1098 929 1179 opinati
949 1108 1028 1162 surat
1072 1099 1163 1163 bliror
1177 1099 1358 1174 Schdtzium,

193 1205 330 1285 elegantis
345 1203 474 1285 alioquin
497 1201 602 1283 ingenii
623 1201 733 1276 airum,
757 1207 786 1264 et
809 1201 867 1265 boc
884 1201 1006 1265 nearaine
1028 1201 1133 1266 colens
1148 1201 1359 1285 interpretibus

193 1307 338 1389 plerisque
352 1308 438 1387 longo
454 1305 712 1388 praestantiorem,
728 1323 789 1368 non
805 1306 998 1386 persensisse,
1013 1323 1102 1388 quam
1117 1307 1176 1369 hoc
1190 1305 1359 1370 incredibile
1435 1363 1438 1370 .

192 1419 220 1471 et
235 1419 321 1489 poeta
335 1410 378 1471 rol
394 1407 543 1482 mediocri,
559 1407 667 1470 nedum
683 1405 840 1486 desclaplo,
855 1405 1008 1487 indignum
1024 1418 1110 1472 esset.
1154 1407 1287 1489 Namque
1301 1407 1359 1470 ra-

175 1511 264 1574 'ridis
279 1519 444 1591 peccatum,
464 1509 597 1591 quamuis
615 1507 848 1590 vituperabilem
866 1508 942 1573 iusta
965 1510 1088 1573 deorum
1107 1509 1360 1574 animaduersione

126 1621 131 1628 '
192 1613 326 1692 «lignum,
350 1620 462 1684 tamon,
485 1610 510 1673 si
527 1629 595 1674 cum
610 1611 688 1673 Atrei
703 1610 833 1674 laciuorc
847 1622 1049 1693 comparatur,
1076 1612 1136 1675 lero
1151 1620 1180 1674 et
1196 1611 1359 1674 laumanum

192 1713 281 1776 rideri
295 1714 390 1776 debet
433 1712 497 1787 lllo,
517 1713 626 1777 alienae
641 1711 771 1776 madieris
786 1731 887 1777 amore
903 1722 1016 1796 eaptus,
1032 1712 1153 1797 bospitii
1168 1713 1214 1776 ius
1229 1713 1360 1786 violavit:

191 1821 312 1891 atreus,
327 1815 425 1880 fratris
440 1817 510 1881 odio
525 1817 737 1890 inflammatus,
757 1817 943 1882 sanctissima
958 1827 1078 1881 naturae
1092 1817 1155 1880 iura
1170 1815 1360 1892 conculcavit,

192 1919 341 1982 innocenti
357 1939 516 2001 puoronrm
533 1921 675 2002 sanquine
694 1941 727 1984 se
749 1920 865 2002 polluit,
887 1919 1015 1984 liliorum
1034 1919 1146 1984 viscora
1165 1921 1241 2001 patri
1259 1939 1359 1984 come-

192 2023 287 2085 denda
303 2023 391 2098 dedit,
406 2023 532 2105 deniquo
546 2023 574 2085 id
590 2022 707 2086 sceleris
723 2022 880 2097 comraaisit,
899 2024 983 2086 cuius
994 2023 1176 2087 atrocitatem
1192 2023 1273 2087 nullo
1289 2025 1361 2086 satis

192 2123 273 2204 gnari
287 2123 377 2188 verbo
392 2133 495 2188 enotare
506 2125 581 2197 licet,
596 2125 675 2206 quod
688 2143 807 2188 earnem
820 2124 1010 2188 humanitatis
1022 2133 1141 2207 captum
1152 2124 1274 2202 excedit,
1287 2125 1361 2189 adeo

194 2236 228 2290 ut
242 2228 294 2290 Sol
313 2225 390 2308 ipse,
404 2227 454 2309 qui
469 2236 514 2290 tot
524 2225 678 2290 laaaaainum
691 2227 801 2291 scelera
813 2226 943 2308 quotidie
954 2227 1092 2302 intuetur,
1108 2237 1206 2291 tamen
1218 2227 1277 2292 hoc
1287 2246 1361 2291 con·
1434 2274 1435 2278 η
1521 2201 1522 2204 ¹

193 2338 297 2412 specto
313 2329 416 2392 oearlos
431 2328 594 2392 nbrolrisse
609 2328 731 2393 dicatur.
775 2330 812 2394 Ea
826 2330 990 2411 'liapostom
1017 2338 1075 2392 tam
1091 2329 1211 2393 immani
1234 2331 1362 2394 facinore

194 2433 321 2506 laesum,
344 2431 414 2493 nibil
435 2431 510 2495 aliud
526 2441 722 2513 conquestum
738 2451 818 2508 csse,
834 2452 922 2515 quam
937 2452 1056 2498 anonsao
1071 2433 1223 2515 hospitalis
1239 2441 1290 2496 aut
1304 2453 1361 2517 qao·
1427 2423 1429 2426 ⁵

194 2544 255 2598 trus
276 2532 398 2596 conririi
420 2533 626 2598 violationem?
641 2535 729 2618 idque
745 2554 806 2599 aton
821 2536 946 2626 aliquem
960 2536 997 2599 de
1019 2536 1103 2599 triuio
1119 2537 1363 2612 versilicatorem,

72 2660 73 2664 ¹
193 2637 248 2699 sed
263 2637 444 2716 Aeschylum,
461 2637 605 2712 omnium,
621 2648 766 2720 quotquot
781 2642 912 2714 luerunt,
928 2650 1081 2721 poetarum
1096 2641 1183 2720 longo
1198 2639 1362 2722 principem

94 2796 100 2809 ,
193 2740 239 2802 sic
254 2737 380 2802 lauisse?
399 2739 486 2802 tlbsit
499 2739 536 2802 ab
550 2739 598 2804 illo
613 2741 739 2804 dedecus
756 2743 826 2817 boc;
840 2741 936 2806 absint
952 2743 1125 2824 interpretes
1140 2743 1206 2807 talia
1222 2742 1362 2807 terentes!

133 2899 136 2902 ,
193 2841 294 2904 Satius
315 2843 448 2924 prolecto
468 2844 576 2916 lucrat,
599 2843 663 2906 illos
682 2843 799 2918 audire,
825 2846 874 2926 qui
890 2845 1038 2928 Thyesten
1057 2855 1210 2928 comporto
1233 2847 1363 2910 facinora

191 2944 309 3008 exsilire
320 2945 356 3006 de
367 2944 436 3007 sede
449 2964 639 3027 mensamque
650 2966 779 3010 ovcrsaua
792 2947 918 3030 pedibus
934 2947 1106 3012 conculcare
1126 2950 1271 3021 lecerunt,
1290 2967 1364 3029 quaa

194 3046 356 3120 sententia,
371 3047 504 3127 quamuis
519 3047 676 3111 manifesto
692 3050 763 3112 laisa
778 3069 873 3130 neque
889 3050 947 3113 ullo
963 3049 1054 3113 modo
1071 3069 1105 3112 ex
1120 3049 1253 3132 Aeschyli
1269 3051 1364 3114 verbis

195 3147 351 3221 elicienda,
370 3156 481 3220 tamen,
501 3147 528 3210 si
542 3166 605 3210 rem
620 3148 714 3229 ipsam
730 3151 883 3226 intuearis,
904 3152 1002 3216 minus
1017 3152 1114 3234 inepta
1134 3152 1292 3234 minusque
1306 3153 1366 3216 boc

195 3259 284 3333 pocta
299 3248 416 3330 indigna
432 3249 521 3312 rideri
535 3249 633 3312 debet.
677 3253 754 3326 Quid
775 3262 870 3317 autem
886 3253 1044 3336 doscbplus
1060 3255 1177 3330 dixerit,
1192 3253 1289 3318 statim
1311 3275 1363 3337 pa-

196 3354 285 3415 tetiot
329 3351 403 3414 b'ota
419 3362 490 3415 sunt
508 3370 542 3414 ea
558 3351 687 3416 lloauero
704 3345 909 3441 ἀναθήματα
923 3351 1053 3435 δαιτός,
1075 3352 1190 3442 μολπὴ
1206 3352 1265 3420 καὶ
1279 3350 1364 3444 ‹palp-

194 3451 289 3539 μιμξ,
315 3473 408 3536 qrmm
427 3454 470 3518 rel
485 3464 592 3531 cantor
607 3455 710 3538 aliquis
730 3458 882 3541 epulantes
904 3470 992 3525 camu
1006 3479 1063 3523 suo
1083 3460 1220 3536 oblectat,
1246 3458 1289 3523 vel
1309 3459 1365 3542 ipsi

195 3579 316 3643 quoque
329 3556 467 3621 conuiuae
481 3576 536 3640 por
549 3557 627 3620 ricus
642 3570 762 3626 canunt:
781 3581 872 3643 eaque
887 3581 995 3628 coenae
1015 3562 1224 3628 oblectamenta
1240 3553 1367 3649 ἀκροά-

193 3680 288 3744 ματα
302 3669 374 3724 sunt
388 3661 431 3724 uel
446 3649 650 3740 ἀκούσματα,
665 3663 745 3742 quod
761 3665 936 3730 uocabulum
951 3666 1031 3749 apud
1041 3667 1153 3730 Atticos
1168 3667 1262 3750 magis
1277 3686 1365 3749 quam

195 3764 268 3828 illud
286 3765 409 3828 alterum
429 3763 567 3827 usitatum
588 3763 679 3828 brisce
697 3769 877 3848 grammatici
897 3777 1049 3834 testaumr.
1092 3769 1178 3833 Nunc
1196 3779 1308 3845 autem,
1335 3771 1365 3833 in

196 3869 257 3930 boc
270 3867 397 3930 inlausta
411 3865 489 3930 auat
504 3865 646 3942 conuiuio,
663 3886 718 3950 pro
733 3880 821 3935 cantu
836 3871 919 3935 biluri
933 3882 962 3936 et
976 3872 1136 3937 delectabili
1151 3872 1215 3938 dira
1225 3873 1368 3955 Thyestae

194 3987 254 4032 aaa
269 3969 364 4033 audita
379 3978 433 4042 ost
448 3987 539 4051 quum
554 3969 662 4033 iustam
677 3970 779 4034 domui
793 3973 952 4054 pemiciom
967 3975 1187 4056 imprecaretur,

403 4061 582 4150 ἄκουσμα
604 4065 742 4135 δείπνου
764 4066 927 4151 πανδίκως
946 4070 1061 4152 τιθείς
1083 4067 1175 4164 α’ρυίν.

198 4173 287 4238 Nullo
303 4172 429 4254 aaaapllus
444 4172 533 4236 aerbo
548 4191 625 4254 opus
640 4181 695 4235 ost
732 4173 860 4238 'lantum
875 4175 912 4240 de
925 4177 1060 4241 adverbio
1077 4172 1239 4257 συνδίκους
1252 4180 1367 4254 addam,

198 4293 263 4338 uon
279 4274 368 4337 uideri
383 4275 412 4337 id
428 4274 515 4346 mibi,
531 4293 598 4336 mam
613 4273 797 4351 Hermanno,
813 4277 987 4342 trahendum
1002 4279 1039 4343 ad
1054 4281 1223 4362 proximum
1238 4301 1367 4354 versum,

197 4369 305 4453 οὕτως
318 4367 461 4440 ὀλέσθαι
476 4371 546 4439 πᾶν
558 4371 598 4440 ad
613 4369 841 4454 Πλεισθένους
855 4373 956 4464 γένος,
971 4391 1001 4445 et
1014 4382 1181 4463 significare
1194 4385 1214 4447 i.
1224 4403 1253 4467 q.
1269 4402 1367 4448 com·

199 4477 373 4578 maniter,
387 4477 565 4541 communi
580 4477 733 4558 iustitia,
747 4481 876 4547 aedem
885 4482 986 4566 potius
996 4483 1015 4548 i.
1027 4503 1056 4568 q.
1066 4479 1274 4571 reponderare.
1292 4485 1367 4550 Nam
1457 4545 1459 4552 .
