3106 4958
250 615 516 692 Agamemnonem,
536 609 668 690 qusmris
689 609 773 690 pauci
793 609 944 686 adessent,
970 621 1081 686 tamen,
1101 611 1182 676 utin
1203 613 1358 688 concione,
1376 614 1411 676 nd

250 715 405 778 dioendum
418 711 593 786 surrexisse,
607 713 747 774 disertam
758 711 846 775 buius
858 713 899 776 rei
911 715 1100 792 mentionem,
1115 725 1149 778 ut
1159 733 1412 797 supervacaneam,

252 818 371 898 impune
390 815 426 878 ub
441 815 573 878 Homero
591 815 705 878 retineri
720 815 854 896 potuisse
868 817 1046 882 iudicarunt:
1062 819 1140 900 quod
1156 819 1311 889 iudicium,
1331 811 1347 880 a'
1363 836 1411 880 re-

250 916 444 992 emtionibus,
468 917 550 999 quod
570 917 690 1000 quidem
709 937 764 998 ego
788 919 986 998 meminerim,
1012 920 1150 984 omnibus
1175 921 1411 1002 comprobatum,

250 1019 323 1082 mibi
342 1038 458 1102 quoque
479 1021 674 1084 recussimum
694 1039 760 1084 esse
779 1019 942 1098 videtum.
962 1057 1005 1070 ·-
1025 1023 1119 1086 Porro
1140 1021 1219 1086 iiiad.
1235 1021 1260 1095 i,
1280 1021 1356 1094 tud,
1376 1022 1413 1084 de

249 1121 359 1184 Achille
377 1122 417 1184 ob
437 1134 585 1204 acceptant
605 1123 641 1186 ub
662 1125 880 1204 Agamemnone
898 1125 1032 1189 iniuriam
1052 1125 1142 1200 irato,
1168 1124 1245 1188 inter
1264 1123 1317 1186 niis
1343 1122 1414 1186 lineo

249 1225 402 1288 dictentur:
428 1215 505 1288 niue
532 1213 612 1290 ποκ’
639 1217 688 1301 εἷς
718 1216 838 1310 ἀγορὴν
863 1220 1052 1290 πωλέσκετο
1082 1220 1305 1308 κυδιάνειραν,
1338 1215 1414 1286 oiim

213 1349 231 1400 ι
252 1319 330 1391 ποτ’
353 1321 388 1404 ἐς
409 1321 557 1409 πόλεμον
577 1363 633 1399 -.
654 1337 757 1410 estque
771 1328 827 1390 ioci
846 1328 922 1392 iliius
943 1338 1096 1392 contextus
1115 1327 1275 1400 eiusmodi,
1301 1337 1413 1390 utnon

251 1431 368 1514 possint
387 1432 458 1495 isaeo
478 1430 533 1494 nisi
549 1431 585 1492 de
599 1450 635 1492 eo
656 1443 789 1512 tempore
808 1431 885 1494 diota
899 1431 1005 1513 accipi,
1025 1432 1105 1514 quod
1125 1431 1255 1498 medium
1271 1430 1326 1494 duit
1339 1430 1416 1494 iuter

251 1533 386 1596 iniuriam
406 1532 527 1596 Acbiiiis
548 1531 732 1614 reditumque
753 1533 879 1596 ‹teorom
893 1553 928 1596 ex
943 1533 1095 1616 Aethiopia
1112 1534 1142 1596 in
1157 1533 1329 1615 Olymiunn,
1354 1553 1414 1614 utto

249 1657 303 1699 eos
314 1645 383 1718 post
397 1635 462 1699 dies
476 1635 647 1708 duodecim,
662 1635 738 1697 sicut
752 1633 854 1698 Tbetis
869 1655 893 1698 v.
910 1635 972 1698 245
988 1635 1181 1718 praedixerat,
1201 1653 1335 1698 reversos
1349 1655 1415 1696 esse

249 1750 335 1820 poeta
354 1758 381 1800 v.
402 1738 465 1802 tua
486 1745 640 1799 memorat
688 1738 775 1818 Atqui
801 1738 879 1800 nuiia
899 1757 952 1820 per
971 1739 1028 1800 bos
1047 1737 1202 1802 duodecim
1227 1737 1290 1800 dies
1310 1738 1414 1800 concio

248 1841 444 1914 Aetnaeorum,
470 1837 583 1902 nulium
609 1839 753 1918 proelium
781 1850 975 1902 memoratur:
1001 1850 1029 1902 et
1054 1849 1125 1904 sunt
1145 1851 1243 1902 tamen
1263 1839 1348 1902 verba
1369 1840 1413 1901 iiio

248 1941 407 2013 eiusmodi,
436 1951 470 2005 ut
497 1939 720 2004 abstinuisse
749 1941 888 2006 Aobiiiein
918 1953 1040 2025 propter
1065 1943 1137 2007 iram
1168 1942 1361 2006 concionibus
1386 1952 1414 2003 et

250 2044 369 2127 proediis
389 2043 566 2126 signideent:
591 2041 737 2108 obstinere
762 2055 860 2110 autern
887 2045 987 2120 rebus,
1012 2065 1086 2128 quoe
1106 2045 1200 2108 nullae
1219 2055 1302 2120 sunt,
1325 2064 1413 2108 nemu

247 2149 304 2212 dici
320 2157 426 2230 potest
470 2147 570 2228 itaque
597 2145 645 2208 bie
664 2165 782 2229 quoque
801 2147 953 2211 reticuisse
974 2147 1122 2210 iiornerus
1143 2147 1270 2220 videtur,
1289 2165 1364 2229 quae
1378 2148 1415 2210 ab

247 2249 430 2313 auditoribus
460 2247 612 2312 subaudiri
643 2247 797 2313 deberent:
824 2241 914 2326 εἰκός
946 2246 1048 2314 κατὰ
1080 2246 1125 2314 ad
1159 2244 1416 2330 σιωπώμενον

248 2347 306 2415 καὶ
336 2343 513 2438 ἐκκλησίαν
543 2345 600 2412 καὶ
631 2345 780 2432 πόλεμον
812 2348 897 2435 πρὸς
922 2349 998 2428 uode
1028 2347 1220 2437 περιοίκους
1246 2346 1414 2436 γενέσθαι,

248 2453 343 2536 inquit
370 2448 479 2528 Senot,
508 2452 538 2515 in
568 2471 625 2534 qus
654 2454 799 2517 sententia
828 2472 891 2517 non
918 2453 1066 2517 interuedo
1095 2455 1230 2536 equidem
1256 2456 1415 2536 quominus

247 2555 478 2638 aequiescamus.
511 2587 552 2601 -
582 2553 641 2617 Nee
666 2555 828 2634 graviorem
856 2556 1050 2618 offensionem
1077 2555 1163 2618 bebet
1189 2555 1240 2630 tv,
1274 2557 1343 2630 159,
1364 2558 1414 2620 ubi

247 2663 465 2740 Agamemnon,
486 2667 601 2738 ruptam
623 2657 749 2719 foederis
768 2657 856 2720 iidem
872 2657 1038 2738 increpans,
1054 2648 1094 2721 oxi
1115 2653 1178 2738 μέν
1199 2678 1289 2736 πως,
1313 2659 1415 2741 inquit,

248 2755 345 2825 ἅλιον
370 2755 467 2825 πέλει
495 2753 610 2842 ὅρκιον
635 2745 721 2839 αἷμά
747 2779 785 2820 τε
811 2752 930 2845 ἀρνῶν,
959 2752 1107 2824 σπονδαί
1131 2751 1163 2822 r’
1192 2750 1331 2845 ι’ίκρρκοι
1357 2757 1415 2823 καὶ
1543 2823 1546 2830 ,

246 2857 357 2942 δεξιαὶ
378 2851 418 2950 ᾖς
439 2854 643 2942 ἐπέπιθμεν.
688 2860 834 2923 Νσῑοιιιοι
852 2880 923 2924 satie
944 2861 1094 2934 nonmdb,
1115 2856 1230 2936 δεξιὰς
1255 2879 1336 2923 οιιοε
1350 2861 1416 2936 dici,

246 2984 339 3046 quum
360 2965 389 3027 in
410 2964 564 3045 superiore
585 2962 674 3037 iibro,
693 2963 742 3026 ubi
764 2963 837 3025 ritus
854 2963 980 3026 foederis
1000 2961 1150 3026 sanciendi
1165 2962 1335 3043 singulatim
1352 2983 1414 3026 nte·

247 3075 409 3140 morantur,
425 3066 608 3128 dexterarum
624 3073 722 3126 tomen
735 3065 771 3126 ad
786 3065 959 3127 demandant
971 3065 1058 3128 iidetn
1070 3065 1203 3128 datarum
1215 3066 1292 3128 nuiia
1303 3067 1414 3129 mentio

247 3168 321 3230 iaetu
341 3167 394 3238 sit,
419 3167 570 3246 utiturque
590 3165 794 3236 bethmannus
804 3171 834 3244 ²)
860 3165 946 3229 etiarn
972 3166 1029 3229 boc
1053 3175 1242 3247 argumento,
1260 3187 1319 3250 qtto
1339 3170 1415 3232 henr,

246 3277 359 3349 partem
383 3267 479 3331 iiisdis
504 3285 539 3328 ex
564 3265 636 3340 aiio,
661 3285 749 3347 quam
769 3267 967 3348 superiorem,
993 3267 1122 3330 carmine
1143 3268 1328 3349 desumptam
1348 3287 1415 3330 esse

246 3367 360 3450 probet
404 3368 485 3442 nos,
500 3368 634 3450 quemuis
656 3367 825 3449 ceteroquin
846 3385 908 3430 nun
927 3385 1016 3430 tunae
1031 3367 1212 3430 Lachmanni
1226 3368 1413 3450 suspiciones

246 3489 314 3534 esse
328 3471 504 3546 iudicemus,
523 3471 592 3534 buie
612 3480 709 3533 tamen
729 3479 903 3551 argumento
924 3486 985 3530 non
1006 3467 1129 3532 muitum
1145 3469 1332 3534 tribuendum
1349 3491 1415 3534 esso

246 3571 445 3646 eonesdimus,
464 3573 515 3636 sed
531 3571 707 3636 audiendum
724 3571 824 3653 potius
843 3569 936 3634 sebai.
956 3570 1030 3634 Bb:
1050 3565 1159 3647 δεξιαὶ
1175 3565 1320 3654 ἐγένοντο
1331 3563 1415 3650 ἴσως

246 3669 347 3738 κατὰ
366 3669 410 3737 τὸ
432 3666 706 3754 σιωπώμενον,
728 3683 779 3736 aut
792 3673 995 3737 Eustatbium:
1010 3664 1196 3760 σημείιοσαι
1212 3663 1244 3736 d'
1266 3667 1413 3738 ἐνταῦθα

246 3770 301 3841 ‘o'st
322 3769 357 3840 is
376 3777 449 3854 τοῖς
469 3767 599 3860 boeium
613 3769 672 3838 καὶ
692 3771 810 3854 δεξιῶν
830 3769 985 3861 ἥπτοντο,
1008 3765 1038 3838 si
1060 3769 1119 3837 καὶ
1131 3767 1277 3859 Ὅμηρος
1298 3767 1413 3861 οἰκείῳ

245 3873 337 3966 νόμῳ
365 3875 465 3945 τοῦτο
495 3871 646 3968 ἐσίγησεν
671 3871 705 3944 ἐν
734 3879 807 3956 τοῖς
832 3871 1027 3964 oddonem,
1059 3866 1107 3951 ὡς
1137 3867 1196 3938 καὶ
1220 3869 1281 3938 ἐπὶ
1307 3865 1413 3940 ἄλλων

319 4137 341 4199 i)
359 4135 429 4188 cast.
448 4135 476 4188 tt
493 4135 546 4204 Vdi,
561 4140 611 4192 dii
628 4151 656 4194 st
671 4143 735 4206 ³5⁴,
752 4141 793 4192 ubi
812 4141 872 4194 its·
889 4139 1079 4192 consedisse
1097 4137 1201 4205 dieitur,
1213 4140 1255 4208 qai
1268 4155 1316 4193 aas
1328 4140 1411 4194 dietas

248 4228 304 4274 esst
315 4222 510 4275 surrexisse.

250 4305 561 4446 Μῖρθὲςιηεδιιθειμι
584 4311 648 4364 ibex
664 4311 771 4366 Hostem
792 4311 850 4365 iiius
867 4327 892 4364 v.
910 4310 941 4366 ii.
960 4311 990 4364 i..
1007 4313 1053 4365 mit
1073 4309 1201 4366 ustus·
1219 4328 1245 4365 ν.
1262 4311 1296 4366 Ι.
1320 4311 1411 4381 Ηισρι.

309 4427 317 4443 .
398 4408 442 4462 ,μ
488 4429 496 4445 .
