3092 4964
629 441 829 542 ...20⁷-

150 629 301 712 principcs
321 628 512 694 Parmenides
532 641 562 693 et
581 627 702 707 Zeno³)
721 628 757 692 de
775 629 833 694 rita
853 639 883 694 et
902 628 1035 692 moribus
1056 628 1156 712 paullo
1179 627 1317 693 subt‘dius

150 734 349 818 philosophati
364 743 443 810 sunt,
456 734 530 799 haec
543 741 573 798 et
587 753 680 816 pauca
692 735 810 798 luerunt
820 753 875 798 nec
885 733 983 816 maprri
995 732 1108 798 adeam
1120 751 1195 816 quae
1210 743 1313 817 postea
1329 743 1347 800 t

152 839 245 904 estitit
259 858 378 904 monam
392 837 557 903 doctrinam
572 838 726 914 momenti,
748 847 777 903 ct
792 837 976 902 uberioribus
992 838 1122 902 Socratis
1141 848 1171 901 et
1184 838 1317 902 Socrati·

152 963 255 1010 curum
271 943 520 1029 disputationibus
537 965 604 1008 inor
621 945 706 1028 plane
720 944 886 1009 obscurata.
916 945 1068 1008 §oneum
1083 962 1153 1007 rero
1169 943 1266 1026 ipsum
1280 943 1318 1006 de

152 1050 234 1113 omni
244 1049 400 1114 hominum
413 1049 469 1112 vita
481 1048 556 1112 cirili
571 1068 605 1113 ac
615 1048 776 1113 domestica
793 1048 933 1129 ottonique
947 1067 1053 1130 genere
1068 1047 1233 1111 ciliciorum
1245 1047 1318 1112 sub·

152 1153 238 1218 tiliter
251 1163 282 1218 et
296 1163 430 1218 accurate
444 1153 641 1235 disputantem
657 1151 787 1216 Platonis
807 1153 894 1217 nobis
913 1163 943 1216 et
962 1151 1168 1234 Xenophontis
1186 1152 1252 1216 libri
1271 1171 1319 1215 re·
1346 1153 1354 1170 '

155 1265 354 1340 praesentum,
369 1274 545 1339 quamquam
560 1255 720 1320 admodum
735 1256 907 1338 plerumque
922 1255 1056 1319 dissbnili
1072 1255 1196 1330 ratione,
1217 1255 1248 1320 in
1263 1275 1319 1337 qua

155 1359 392 1424 dissimilitudine
407 1367 471 1422 uter
485 1358 601 1422 illorum
616 1361 653 1424 ad
674 1359 807 1442 magistri
827 1359 1001 1422 sententiam
1022 1359 1146 1442 propius
1165 1359 1320 1424 accessesit

155 1463 199 1527 ris
215 1464 287 1527 satis
302 1471 383 1526 certo
398 1462 506 1545 ubique
519 1461 652 1543 dignosci
674 1467 822 1545 potestur.
856 1462 913 1525 Sed
930 1481 1021 1525 unum
1036 1471 1082 1525 est
1096 1463 1200 1526 barum
1215 1463 1320 1546 dispu-

155 1567 301 1630 tationum
316 1584 424 1646 genus,
444 1565 524 1647 quod
544 1565 623 1647 apud
638 1565 790 1629 Platonem
807 1565 902 1628 obiter
916 1567 1121 1630 tantummodo
1140 1576 1170 1628 et
1184 1566 1318 1649 carpatim,

156 1671 249 1735 multo
265 1679 363 1734 autern
380 1669 532 1752 copiosius
547 1678 576 1732 ct
590 1669 755 1732 accuratius
773 1669 850 1751 apud
867 1669 1093 1752 Xenophontem
1109 1679 1262 1744 tractmur,
1284 1669 1320 1732 de

112 1851 115 1858 1
155 1771 408 1837 administratione
419 1771 589 1848 domestica,
600 1780 704 1853 estque
714 1771 922 1854 Xenophontis
933 1773 970 1835 de
986 1791 1020 1835 ea
1031 1772 1152 1848 libellus,
1163 1773 1213 1854 qui
1224 1773 1320 1836 Oeco-

157 1876 294 1940 nomicus
309 1874 493 1948 inscribitur,
515 1893 587 1937 sane
601 1873 872 1956 praestantissimus
886 1883 916 1938 et
930 1877 1061 1939 Socratis
1076 1876 1234 1958 sapientia,
1253 1895 1320 1938 meo

158 1979 276 2062 quidem
297 1977 419 2052 iudicio,
434 1977 583 2060 aliquanto
603 1976 732 2056 dignior,
756 1995 844 2058 quam
867 1977 996 2058 plerique
1015 1997 1118 2041 eorum
1138 1996 1321 2050 sermonum,

159 2082 209 2164 qui
237 2081 267 2145 in
289 2080 522 2145 Memorabilium
543 2078 625 2143 libris
647 2082 823 2142 reseruntur.
862 2079 937 2142 Post
955 2079 1183 2161 Xenophontem
1208 2079 1322 2161 primm

103 2203 106 2208 ·
158 2185 331 2250 Aristotelea
341 2187 370 2262 ἰ)
390 2183 487 2267 paullo
509 2182 673 2247 accuratius
688 2183 766 2246 banc
781 2183 902 2246 moralis
918 2182 1121 2265 philosophiae
1135 2193 1250 2264 partem
1265 2193 1323 2246 tra·

159 2299 265 2366 ctasse,
279 2299 309 2353 et
323 2306 399 2371 «puae
414 2287 451 2352 ab
466 2287 514 2352 illo
531 2287 626 2352 insius
640 2306 676 2351 ac
689 2285 810 2350 liberius
824 2287 971 2368 disputata
982 2298 1075 2363 erant,
1090 2285 1243 2351 subtiliore
1250 2306 1323 2370 qua·

159 2395 227 2459 dam
242 2403 272 2459 et
285 2391 426 2458 severiori
445 2390 608 2456 disserendi
627 2390 744 2454 ratione
764 2409 850 2465 usus,
870 2390 906 2453 ad
926 2391 1018 2454 iustae
1031 2391 1102 2454 artis
1121 2392 1276 2454 turmulam
1296 2399 1324 2450 rt

44 2483 45 2486 ¹
159 2499 388 2582 descriptionem
403 2515 558 2562 revocasse
573 2495 701 2560 videtur:
721 2495 773 2558 sed
788 2494 825 2558 de
844 2493 974 2570 duobus,
993 2495 1043 2578 qui
1058 2494 1146 2558 bodie
1159 2493 1324 2558 Aristotelis

160 2619 269 2667 nomen
285 2602 470 2685 praeierunt,
486 2597 689 2664 oeconomicis
703 2596 807 2662 libeliis
822 2598 945 2662 alterum
961 2597 1149 2662 subditicium
1164 2607 1193 2661 et
1204 2597 1240 2662 ab
1250 2597 1324 2661 illius

162 2703 279 2788 ingenio
295 2722 357 2768 non
373 2702 472 2767 minus
487 2723 575 2786 quam
591 2711 684 2766 aetate
698 2702 824 2767 alienum
840 2723 908 2765 esse
922 2721 1003 2766 nunc
1021 2703 1139 2785 quidem
1159 2702 1231 2766 satis
1250 2701 1325 2765 inter

161 2827 266 2872 omnes
282 2811 453 2885 constat⁸);
478 2806 667 2870 alterutrum
687 2805 724 2870 ab
744 2807 810 2888 ipso
826 2806 979 2870 Aristotele
997 2826 1034 2870 an
1054 2805 1091 2869 ab
1111 2805 1174 2868 eius
1192 2805 1325 2869 auditore

184 3001 195 3010 ο
206 2995 451 3009 ...nm—..-n

165 3119 228 3174 quoa
241 3102 375 3156 citavimus
388 3100 412 3153 iu
425 3099 560 3168 Antiquitt.
573 3099 588 3151 i.
602 3117 626 3168 p.
640 3099 685 3152 Gr.
696 3117 720 3168 p.
731 3101 772 3161 92,
785 3101 800 3152 ·1
812 3101 845 3152 ri.
858 3099 889 3152 11.
900 3099 990 3165 bitter,
1004 3099 1150 3153 duellem
1159 3098 1328 3168 scrupulas.

161 3189 329 3259 Philosoplr'e
341 3203 363 3256 p.
377 3187 410 3238 38
423 3203 477 3256 sqq.
490 3193 518 3239 et
530 3201 554 3254 p.
564 3187 606 3237 b'l.
631 3183 713 3255 ipsum
722 3186 891 3256 Pptbagoraru
900 3185 1053 3238 lamblichus
1064 3201 1118 3254 cap.
1128 3184 1161 3237 bd
1172 3185 1235 3238 dicit
1247 3181 1330 3238 otidis·

163 3261 253 3344 ἧσσον
264 3273 470 3346 dntprnodiptuu
484 3267 533 3324 «trel
546 3265 595 3340 κήν
606 3274 777 3344 οἰκονομίαι·
794 3267 808 3338 ἢ
827 3268 878 3338 rip·
888 3271 1074 3343 epicoedium,
1095 3271 1209 3340 idemque
1230 3287 1285 3342 rap.
1299 3269 1325 3323 li

162 3362 187 3414 iu
199 3361 323 3415 classibus
335 3359 516 3428 discipulorum
529 3358 605 3410 etiam
619 3353 780 3416 πολιτικοὺς
797 3365 825 3411 et
837 3353 1037 3429 olsouopersoris
1053 3359 1133 3411 luime
1145 3359 1270 3427 perbibet.
1293 3357 1329 3410 ue

163 3448 332 3500 recentiorum
345 3445 562 3514 Pythagoreorum
574 3443 678 3512 scriptis
690 3445 858 3497 oeconomicis
869 3443 903 3496 οἰ.
916 3451 969 3497 sot.
980 3445 1005 3496 ll.

231 3533 256 3596 bl
277 3532 413 3600 Utrumque
426 3531 525 3582 llleatis
544 3529 614 3596 leges
631 3530 764 3598 scripsisse
782 3538 922 3584 memorent
937 3531 1023 3583 strab.
1035 3530 1070 3584 vt
1081 3547 1107 3598 p.
1119 3531 1179 3584 252.
1202 3531 1330 3585 Plutarch.

162 3617 209 3670 eir.
223 3619 306 3670 Colot
319 3633 341 3669 e.
354 3617 387 3668 32
400 3623 428 3668 et
439 3615 512 3680 utos.
521 3613 608 3666 baert
618 3613 664 3676 ΙΧ,
674 3615 707 3667 23
720 3617 790 3676 (tom.
803 3615 824 3668 ll
835 3633 859 3684 p.
868 3616 927 3679 318)
940 3631 955 3668 ο
968 3617 1117 3685 Speusippo.
1127 3643 1164 3656 —
1175 3616 1198 3670 tt
1210 3616 1330 3686 sopbistis

163 3703 297 3772 praecipue
309 3700 464 3766 Protssoras
476 3699 706 3750 commemorandus
718 3707 766 3766 eut,
784 3717 857 3769 qurrm
870 3700 942 3753 Plato
953 3700 1057 3767 Protass.
1069 3719 1093 3770 p.
1105 3701 1157 3753 319
1170 3703 1201 3754 Α.
1213 3703 1330 3754 slueuisse

163 3793 275 3841 testatur
286 3779 432 3855 εὖρουίἰον
444 3785 513 3856 arepl
523 3798 551 3836 re
563 3783 618 3837 sair
630 3783 754 3848 οἰκείον,
771 3779 849 3844 ὅπως
860 3779 898 3838 ἄν
909 3801 950 3844 are
962 3781 1065 3857 riperto
1077 3779 1126 3851 τὴν
1137 3782 1225 3839 αὑτοῦ
1236 3785 1331 3838 οἰκίοο·

163 3871 277 3934 decusat,
295 3873 342 3924 sed
356 3869 422 3940 rrepl
439 3868 496 3922 sris
512 3867 560 3936 sris
576 3863 691 3936 irrideor,
702 3863 781 3928 ὅπως
798 3867 831 3922 sd
848 3869 895 3937 sir
913 3865 1022 3930 ardisus
1032 3865 1228 3932 domariresoe
1239 3865 1277 3924 eis
1288 3873 1330 3938 etp

91 4025 94 4031 Ι
162 3959 211 4011 sut
223 3951 360 4030 πρῶτον
369 3956 416 4010 sul
429 3953 529 4024 ldyaru.

230 4043 257 4109 d)
275 4042 408 4096 Tractavit
419 4043 483 4094 baso
494 4041 666 4109 quaestionem
679 4038 706 4092 (1
720 4042 751 4092 Α.
764 4041 877 4110 beandis,
892 4039 1059 4096 Grundlisr'es
1071 4041 1119 4095 der
1128 4041 1213 4096 Labra
1223 4043 1272 4097 des
1282 4045 1334 4098 Ss-

163 4132 262 4196 brolas,
274 4129 299 4180 in
312 4127 402 4181 blusso
414 4127 533 4180 libesauo
545 4142 604 4179 aas.
618 4123 693 4178 1827.
717 4123 774 4178 vis
787 4127 859 4197 impr.
871 4143 896 4196 p.
912 4126 959 4179 122
972 4143 1026 4196 sqq.
1039 4135 1102 4195 etp.
1117 4128 1176 4180 tau.

233 4215 258 4282 l)
277 4214 398 4282 Aequalis
410 4211 589 4280 Xesopboutis
602 4211 831 4274 latitationem,
842 4211 914 4265 cuius
926 4209 1115 4285 Οἰκονομικὸς
1123 4225 1339 4271 commmoratur

163 4317 178 4356 a
191 4301 304 4369 lliogeae
320 4299 425 4353 Laertio
436 4295 481 4364 Vl,
495 4297 527 4350 ld
544 4297 614 4362 (mm.
626 4295 683 4366 ttp
698 4296 764 4363 ¹¹·ll
783 4297 933 4379 Ariststelis
948 4301 1063 4368 aequalia
1074 4298 1247 4367 Xeaserutea,
1263 4302 1337 4356 cuias

164 4389 225 4443 itam
240 4379 429 4458 Οἰκονομικὸς
440 4382 583 4436 uomintur
593 4383 625 4435 ab
636 4383 725 4436 eodem
737 4381 781 4451 lv,
795 4383 826 4436 12
840 4385 910 4448 (tom
923 4382 933 4436 1
945 4401 970 4454 p.
980 4385 1051 4452 268).

231 4473 258 4540 0)
275 4469 348 4526 deal.
361 4469 481 4525 Niebuhr.
498 4483 585 4538 opusc.
597 4467 712 4538 phileti
729 4484 755 4537 p.
768 4469 818 4523 tta
830 4486 885 4538 sqq.
917 4469 1036 4526 &teram
1052 4487 1084 4526 ae
1105 4473 1218 4543 pertiaet
1234 4475 1335 4544 quite·
