3078 4954
649 465 687 472 .,
724 376 849 474 168...

175 569 229 633 uisi
248 568 334 630 etiarn
355 565 482 648 amplius
502 563 609 646 aliquid
628 563 827 627 subaudietur.
858 563 928 626 Tale
945 565 1101 628 artificium
1120 566 1331 650 interpretandi

174 689 231 734 non
247 686 348 732 vereor
362 687 398 731 ne
414 667 513 730 multis
530 665 703 749 placiturum
719 667 773 730 sit:
793 667 865 731 milri
885 667 1003 750 quidem
1024 687 1163 751 perquam
1180 669 1330 752 improba·

173 772 224 834 tito
239 771 361 834 ridetur.
397 769 576 852 suspicabar
594 770 751 852 aliquando
771 770 944 850 rescriptum
964 769 1133 852 scripsisse:
1160 763 1190 835 si
1215 763 1248 834 δ’
1271 763 1331 856 ἄρ’,

173 861 247 936 eise:
263 870 400 953 quodsi
416 872 463 934 ita
479 880 547 946 est,
561 891 623 952 age
638 907 680 918 -
695 881 774 935 esto
789 908 830 918 --
847 872 927 936 liat!
958 873 1031 936 Nam
1047 865 1078 936 et
1100 865 1131 935 δ’
1154 863 1219 957 όρα
1232 874 1276 936 sic
1289 875 1331 936 el·

172 974 265 1058 liptice
276 983 445 1057 usurpatur,
458 974 519 1049 ulei,
534 975 605 1057 quid
617 974 849 1038 subaudiendam
860 976 912 1052 sit,
928 975 1159 1058 esuperioribus
1171 975 1332 1039 obscurum

173 1099 235 1142 esse
250 1097 313 1141 non
327 1089 438 1160 potest,
453 1089 485 1142 ut
500 1076 558 1141 Ιιοε
572 1079 637 1141 loeo
653 1069 683 1141 ei
707 1068 739 1140 δ’
763 1067 829 1162 όρα
850 1072 953 1159 θέμις
974 1072 1055 1144 ἐστι’.
1092 1081 1142 1144 Sic
1155 1079 1333 1143 Demosthe·

121 1203 152 1252 οι
175 1203 226 1246 nes
245 1182 391 1265 loquitur,
410 1181 478 1246 llisl.
503 1202 533 1264 p.
554 1181 632 1257 559,
657 1181 713 1244 26:
733 1173 808 1244 ἐπεὶ
833 1180 1066 1269 περιαιρεθεὶς
1086 1179 1128 1246 τὰ
1151 1174 1229 1246 όντα
1250 1173 1335 1259 ἴσως

172 1284 230 1370 μὲν
241 1277 300 1351 oie
313 1275 353 1349 tte
366 1277 509 1370 όβρίζοι·
525 1277 554 1349 ei
566 1277 599 1349 δ’
614 1275 702 1371 όρα,
717 1279 891 1362 ἐλάττονος
902 1277 998 1364 όξιος
1012 1278 1117 1350 ἔσται.
1140 1287 1226 1351 Nunc
1236 1296 1332 1350 οαιοιιι

174 1392 244 1455 nihil
259 1391 432 1454 mutandum
447 1411 513 1452 esse
528 1389 623 1453 iuelieo
638 1397 755 1471 praeter
769 1407 858 1452 unam
874 1391 1015 1454 litteram:
1030 1410 1085 1473 pro
1098 1384 1159 1477 γάρ
1170 1390 1249 1453 enirn
1263 1380 1333 1472 πόρ’

173 1494 359 1558 scribentium
375 1499 429 1554 est
459 1492 532 1555 nem
547 1481 632 1576 τόρα
647 1491 676 1554 Ιι.
693 1515 718 1554 e.
733 1487 784 1555 roi
808 1483 874 1576 r’r'po
890 1503 1058 1575 usurpatur,
1073 1494 1123 1557 ubi
1138 1492 1244 1575 aliquid
1260 1511 1333 1556 con·

173 1614 299 1678 sequens
310 1614 377 1658 esse
392 1615 458 1658 curn
474 1595 599 1677 quatiam
615 1594 831 1659 asseveratione
846 1595 982 1678 ponitur,
1003 1606 1035 1659 ut
1050 1597 1108 1659 lrec
1122 1597 1202 1659 loco:
1222 1613 1335 1678 quan·

173 1699 362 1782 eloquitlern
378 1699 430 1762 las
445 1707 499 1760 est
514 1697 734 1761 sacrificium
746 1699 962 1762 aberercitu
980 1699 1153 1780 flagitari,
1168 1719 1253 1781 ergo
1269 1718 1335 1781 op·

173 1803 317 1866 tandum
333 1811 387 1865 est
402 1811 512 1877 certe,
528 1811 564 1864 ul
578 1801 667 1865 leone
682 1801 830 1864 eueniat.
861 1793 1132 1885 Quarnsaeperir'p
1147 1798 1253 1887 elysio
1268 1821 1336 1884 per·

173 1915 322 1970 intententur
335 1925 352 1968 a
367 1905 489 1968 librariis
505 1923 593 1968 nemo
609 1906 710 1968 nescit
740 1907 783 1969 ill.
799 1905 922 1968 Ellendt.
938 1906 1006 1968 lex.
1023 1907 1116 1986 septe.
1138 1907 1148 1966 l
1169 1926 1197 1987 p.
1213 1905 1285 1968 215.

257 2009 289 2071 ln
305 2010 464 2091 postremis
479 2009 566 2072 huius
583 2007 687 2072 cantici
703 2007 812 2082 serbis,
827 2028 852 2070 r.
868 2009 940 2072 240.

374 2107 510 2176 rre'ioero
537 2103 571 2174 δ’
598 2098 655 2175 οἶν
674 2103 761 2175 ederi
785 2104 953 2175 τοότοιοιν
976 2102 1146 2197 εόιιραξις,
1174 2100 1219 2185 ιός
1240 2101 1336 2173 θέλει

375 2205 448 2277 τόθ’
470 2203 659 2297 ἄγχιστον
671 2205 797 2291 Marius
812 2205 911 2298 μοιἀς
929 2208 1160 2302 μονόφρουρον
1182 2211 1289 2305 ἕρκος,

175 2319 246 2402 quid
267 2319 305 2383 sit
330 2318 399 2383 illml
419 2309 575 2402 ἄγχιστον
591 2311 687 2402 όρκος
706 2336 768 2381 non
783 2319 921 2400 intelligo.
961 2319 1119 2382 Sclruteius
1136 2321 1253 2403 quidem
1269 2341 1337 2386 curn

174 2424 238 2488 aliis
252 2423 511 2507 Clytaemnestram
526 2422 671 2504 designari
689 2433 805 2505 putans,
819 2422 977 2498 „clrorus“
995 2421 1088 2504 lnquit
1103 2424 1161 2500 „tle
1177 2426 1276 2505 regine
1292 2425 1337 2488 lo-

175 2529 288 2611 quilur,
304 2548 392 2610 ιμιοιιι
410 2527 560 2610 propius
572 2527 607 2590 ael
626 2546 658 2589 se
670 2527 807 2590 accedere
821 2526 927 2588 violet.“
951 2527 989 2588 tlt
999 2525 1066 2607 quis
1075 2546 1203 2609 unquam
1214 2529 1337 2592 alterum

173 2631 298 2715 propius
312 2632 497 2694 aeoeeleotern
520 2630 692 2693 huiusmodi
711 2628 867 2702 alieniso,
888 2629 1067 2710 superlativo
1083 2631 1269 2712 praesertim,
1285 2632 1337 2694 tle·

173 2732 321 2816 signarit?
364 2731 543 2796 Scholiastcs
568 2729 607 2795 τό
629 2727 819 2815 συγγενικόν
848 2731 1071 2812 interpretatur,
1101 2734 1272 2815 sirleturque
1302 2733 1339 2796 ele

174 2838 295 2901 senibus
322 2836 470 2918 accepisse
496 2845 589 2898 terrae
609 2834 717 2915 ipsius,
741 2852 829 2914 qnam
851 2842 983 2906 tuentur,
1007 2842 1109 2914 utpote
1134 2835 1244 2915 palriae
1270 2854 1340 2898 suae

174 2940 258 3022 quasi
274 2939 417 3020 proximis
433 2937 575 3018 erigeretis.
611 2935 810 2998 Blomliolelius
826 2945 928 2998 corrtra
943 2955 996 2997 eos
1011 2936 1157 3016 designari
1177 2939 1282 3010 crodit,
1303 2937 1338 3000 ael

175 3061 253 3123 quos
265 3042 385 3103 altsente
396 3059 465 3120 rege
473 3041 546 3101 lraec
556 3039 643 3101 tutela
652 3037 787 3119 proxime
797 3038 946 3117 pertineat.
973 3037 1006 3098 ln
1019 3039 1339 3121 eassumlalrorantqui

174 3139 537 3226 inplicareinterpliralsilin
549 3140 653 3220 «peeoris
666 3141 756 3202 ιιιοιιιι
769 3150 921 3202 ιοιιειιιιιι.
938 3139 1096 3221 elesclrplus
1109 3141 1228 3223 scripsit
1242 3134 1341 3205 elece-

175 3265 269 3321 ιιιον,
290 3244 369 3306 urtelc
395 3233 555 3314 iliricum,
582 3241 651 3305 lrirtc
677 3233 834 3326 iiyyrocoe
857 3252 886 3303 et
907 3233 1062 3324 όῃιιιτον
1081 3253 1179 3306 οιιιιιιι
1199 3255 1253 3308 est.
1283 3247 1340 3308 De·

177 3351 298 3429 signant
312 3357 409 3411 nutent
426 3346 472 3408 leis
488 3345 583 3406 cerlis
600 3363 686 3407 senes
702 3355 797 3406 sereret
812 3343 882 3424 ipsi,
907 3354 1008 3426 utpote
1023 3345 1143 3409 atrsemo
1158 3349 1218 3427 regi
1234 3347 1289 3410 soli
1304 3349 1340 3412 atl

176 3463 285 3516 ιιιιτιιιιι
305 3451 441 3513 tuendam
464 3467 521 3510 etna
541 3466 607 3510 cum
629 3449 727 3526 regina
743 3447 842 3510 relicti.
874 3447 909 3510 Et
924 3448 1088 3530 corrrparari
1103 3450 1254 3531 aptissime
1268 3471 1340 3532 pos·

175 3565 249 3618 snut
274 3572 341 3617 eum
362 3552 416 3616 illis
437 3552 592 3614 l’ersarum
612 3549 746 3624 sortibus,
765 3549 814 3631 ιμιι
837 3569 854 3612 ιι
878 3549 971 3613 Xerxe
986 3551 1017 3614 in
1033 3552 1134 3616 l’ersia
1149 3552 1239 3615 relicti
1255 3573 1340 3618 eures

175 3678 247 3724 suas
270 3666 299 3721 et
318 3654 439 3719 consilia
454 3673 522 3718 cnm
539 3656 645 3716 eltossn
661 3652 891 3730 οιιιιιιιιαιιίιιιιιι,
911 3653 1025 3738 ipsique
1041 3654 1077 3718 de
1091 3675 1123 3718 se
1139 3655 1240 3720 dicunt
1261 3650 1342 3720 ια’όε
1436 3701 1438 3705 -

176 3756 239 3846 μὲν
253 3755 392 3847 Περσῶν
412 3793 454 3804 -
476 3751 584 3822 accere
599 3751 760 3821 καλεῖται.
806 3758 880 3822 Nam
896 3757 975 3840 quoti
992 3759 1178 3824 llermannus
1193 3759 1239 3824 leis
1255 3759 1341 3842 Argi·

177 3869 221 3932 ris
236 3865 350 3941 otiien,
365 3862 502 3928 stolidam
514 3871 543 3924 et
554 3861 755 3944 irnporlmmrn
771 3883 837 3926 esse
853 3861 1057 3938 iactationem,
1077 3862 1102 3926 si
1117 3857 1342 3950 μονόφρουρον

178 3966 276 4055 ι’ριιος
293 3992 325 4034 se
344 3971 456 4044 dicant,
477 3966 526 4051 qui
546 3967 646 4052 patulo
665 3979 732 4032 ante
756 3977 799 4048 ln.
822 3968 879 4045 8⁹2)
896 3965 953 4050 ipsi
969 3987 1002 4028 se
1017 3957 1095 4053 όναρ
1117 3959 1343 4056 ἡμερόφαντον

178 4064 327 4138 ιῖλαίνειν
347 4073 487 4138 eliserint:
513 4092 574 4140 non
602 4075 748 4159 repensit
766 4072 876 4138 scilicet
897 4071 1105 4149 nesscimus,
1126 4073 1174 4136 illo
1194 4072 1260 4138 loco
1277 4083 1341 4139 tan·

179 4175 335 4241 turomoelo
350 4177 385 4240 tle
400 4179 501 4243 lellioo
517 4180 624 4245 robore
639 4197 807 4244 sernronem
822 4177 928 4242 lesisse:
944 4179 1002 4241 hoe
1012 4196 1078 4241 sese
1090 4196 1187 4242 carere
1198 4177 1343 4246 nixorum.

96 4337 99 4343 ,
180 4280 219 4343 ιιι
247 4297 330 4342 arura
355 4280 479 4360 gerenda
502 4283 659 4360 invalidos,
684 4299 845 4366 puerorum
870 4282 1004 4364 adeoquo
1025 4282 1196 4347 umbrarum
1221 4281 1341 4344 similes.

179 4381 281 4447 Nihilo
295 4379 394 4446 minus
403 4391 500 4448 tannen
514 4385 601 4452 iidem
617 4387 741 4451 consilio
756 4384 828 4448 satis
844 4385 939 4448 valere
952 4393 1090 4468 possunt,
1105 4395 1134 4449 et
1148 4392 1182 4448 ut
1195 4377 1344 4468 πρόβου-
