<?xml version="1.0" encoding="UTF-8"?>
<!DOCTYPE html PUBLIC "-//W3C//DTD XHTML 1.0 Transitional//EN"
    "http://www.w3.org/TR/xhtml1/DTD/xhtml1-transitional.dtd">
<html xmlns="http://www.w3.org/1999/xhtml" xml:lang="en" lang="en">
 <head>
  <title>
</title>
<meta http-equiv="Content-Type" content="text/html;charset=utf-8" />
  <meta name='ocr-system' content='tesseract 3.04.00' />
  <meta name='ocr-capabilities' content='ocr_page ocr_carea ocr_par ocr_line ocrx_word'/>
</head>
<body>
  <div class='ocr_page' id='page_1' title='image "./opusculaacademi01schgoog_0243.png"; bbox 0 0 3092 4964; ppageno 0'>
   <div class='ocr_carea' id='block_1_1' title="bbox 681 341 741 406">
    <p class='ocr_par' dir='ltr' id='par_1_1' title="bbox 681 341 741 406">
     <span class='ocr_line' id='line_1_1' title="bbox 681 341 741 406; baseline 0 0"><span class='ocrx_word' id='word_1_1' title='bbox 681 341 741 406; x_wconf 79' lang='lat'><strong>23¹</strong></span> 
     </span>
    </p>
   </div>
   <div class='ocr_carea' id='block_1_2' title="bbox 132 515 1419 4418">
    <p class='ocr_par' dir='ltr' id='par_1_2' title="bbox 132 515 1419 4418">
     <span class='ocr_line' id='line_1_2' title="bbox 135 515 1298 614; baseline -0.003 -19"><span class='ocrx_word' id='word_1_2' title='bbox 135 541 309 595; x_wconf 85' lang='lat' dir='ltr'><strong>monstrare.</strong></span> <span class='ocrx_word' id='word_1_3' title='bbox 353 531 411 596; x_wconf 78' lang='lat' dir='ltr'><strong>Sed</strong></span> <span class='ocrx_word' id='word_1_4' title='bbox 431 551 467 595; x_wconf 89' lang='lat' dir='ltr'><strong>no</strong></span> <span class='ocrx_word' id='word_1_5' title='bbox 485 551 520 596; x_wconf 83' lang='lat' dir='ltr'><strong>ex</strong></span> <span class='ocrx_word' id='word_1_6' title='bbox 540 531 576 595; x_wconf 91' lang='lat' dir='ltr'><strong>iis</strong></span> <span class='ocrx_word' id='word_1_7' title='bbox 595 529 727 614; x_wconf 89' lang='lat' dir='ltr'><strong>quidem,</strong></span> <span class='ocrx_word' id='word_1_8' title='bbox 745 550 821 614; x_wconf 85' lang='lat' dir='ltr'><strong>quae</strong></span> <span class='ocrx_word' id='word_1_9' title='bbox 846 515 883 594; x_wconf 82' lang='lat' dir='ltr'><strong>ab</strong></span> <span class='ocrx_word' id='word_1_10' title='bbox 909 531 1088 614; x_wconf 70' lang='lat' dir='ltr'>Hieronymo</span> <span class='ocrx_word' id='word_1_11' title='bbox 1107 529 1195 594; x_wconf 85' lang='lat' dir='ltr'><strong>relata</strong></span> <span class='ocrx_word' id='word_1_12' title='bbox 1216 539 1298 602; x_wconf 89' lang='lat' dir='ltr'><strong>suut,</strong></span> 
     </span>
     <span class='ocr_line' id='line_1_3' title="bbox 134 631 1295 718; baseline -0.001 -23"><span class='ocrx_word' id='word_1_13' title='bbox 134 653 232 698; x_wconf 86' lang='lat' dir='ltr'><strong>reram</strong></span> <span class='ocrx_word' id='word_1_14' title='bbox 247 633 444 718; x_wconf 70' lang='lat' dir='ltr'><strong>Theophrasti</strong></span> <span class='ocrx_word' id='word_1_15' title='bbox 458 635 634 700; x_wconf 86' lang='lat' dir='ltr'><strong>sententiam</strong></span> <span class='ocrx_word' id='word_1_16' title='bbox 650 636 722 698; x_wconf 91' lang='lat' dir='ltr'><strong>satis</strong></span> <span class='ocrx_word' id='word_1_17' title='bbox 737 643 801 699; x_wconf 91' lang='lat' dir='ltr'><strong>tuto</strong></span> <span class='ocrx_word' id='word_1_18' title='bbox 816 636 945 718; x_wconf 75' lang='lat' dir='ltr'><strong>perspici</strong></span> <span class='ocrx_word' id='word_1_19' title='bbox 960 655 1053 718; x_wconf 87' lang='lat' dir='ltr'><strong>posse</strong></span> <span class='ocrx_word' id='word_1_20' title='bbox 1068 634 1204 698; x_wconf 78' lang='lat' dir='ltr'><strong>arbitror.</strong></span> <span class='ocrx_word' id='word_1_21' title='bbox 1234 631 1295 695; x_wconf 85' lang='lat' dir='ltr'><strong>Po-</strong></span> 
     </span>
     <span class='ocr_line' id='line_1_4' title="bbox 134 736 1344 820; baseline 0 -20"><span class='ocrx_word' id='word_1_22' title='bbox 134 737 194 801; x_wconf 88' lang='lat' dir='ltr'><strong>suit</strong></span> <span class='ocrx_word' id='word_1_23' title='bbox 208 737 286 800; x_wconf 90' lang='lat' dir='ltr'><strong>enim</strong></span> <span class='ocrx_word' id='word_1_24' title='bbox 302 737 375 801; x_wconf 85' lang='lat' dir='ltr'><strong>haec</strong></span> <span class='ocrx_word' id='word_1_25' title='bbox 388 737 585 820; x_wconf 78' lang='lat' dir='ltr'><strong>Hieronymus</strong></span> <span class='ocrx_word' id='word_1_26' title='bbox 600 737 630 800; x_wconf 92' lang='lat' dir='ltr'><strong>in</strong></span> <span class='ocrx_word' id='word_1_27' title='bbox 645 736 720 802; x_wconf 90' lang='lat' dir='ltr'><strong>libro</strong></span> <span class='ocrx_word' id='word_1_28' title='bbox 735 737 876 803; x_wconf 79' lang='lat' dir='ltr'><strong>adsersus</strong></span> <span class='ocrx_word' id='word_1_29' title='bbox 887 739 1086 812; x_wconf 80' lang='lat' dir='ltr'><strong>lorinianum,</strong></span> <span class='ocrx_word' id='word_1_30' title='bbox 1100 737 1195 800; x_wconf 82' lang='lat' dir='ltr'><strong>sirum</strong></span> <span class='ocrx_word' id='word_1_31' title='bbox 1209 753 1293 817; x_wconf 80' lang='lat' dir='ltr'><strong>egre·</strong></span> <span class='ocrx_word' id='word_1_32' title='bbox 1310 747 1344 800; x_wconf 75' lang='lat'><strong>21</strong></span> 
     </span>
     <span class='ocr_line' id='line_1_5' title="bbox 134 839 1294 923; baseline -0.001 -21"><span class='ocrx_word' id='word_1_33' title='bbox 134 840 180 922; x_wconf 86' lang='lat' dir='ltr'><strong>gie</strong></span> <span class='ocrx_word' id='word_1_34' title='bbox 195 839 349 904; x_wconf 86' lang='lat' dir='ltr'><strong>cordatum</strong></span> <span class='ocrx_word' id='word_1_35' title='bbox 363 851 393 904; x_wconf 94' lang='lat' dir='ltr'><strong>et</strong></span> <span class='ocrx_word' id='word_1_36' title='bbox 405 859 495 904; x_wconf 86' lang='lat' dir='ltr'><strong>uanae</strong></span> <span class='ocrx_word' id='word_1_37' title='bbox 509 840 729 922; x_wconf 75' lang='lat' dir='ltr'><strong>superstitionis</strong></span> <span class='ocrx_word' id='word_1_38' title='bbox 743 842 950 918; x_wconf 80' lang='lat' dir='ltr'><strong>adsersarium,</strong></span> <span class='ocrx_word' id='word_1_39' title='bbox 964 842 1014 923; x_wconf 90' lang='lat' dir='ltr'><strong>qui</strong></span> <span class='ocrx_word' id='word_1_40' title='bbox 1030 859 1121 923; x_wconf 90' lang='lat' dir='ltr'><strong>quum</strong></span> <span class='ocrx_word' id='word_1_41' title='bbox 1136 839 1210 902; x_wconf 89' lang='lat' dir='ltr'><strong>alios</strong></span> <span class='ocrx_word' id='word_1_42' title='bbox 1225 857 1294 920; x_wconf 91' lang='lat' dir='ltr'><strong>per·</strong></span> 
     </span>
     <span class='ocr_line' id='line_1_6' title="bbox 134 941 1294 1026; baseline -0.001 -23"><span class='ocrx_word' id='word_1_43' title='bbox 134 962 234 1006; x_wconf 83' lang='lat' dir='ltr'><strong>versae</strong></span> <span class='ocrx_word' id='word_1_44' title='bbox 249 943 402 1007; x_wconf 85' lang='lat' dir='ltr'><strong>cuiusdam</strong></span> <span class='ocrx_word' id='word_1_45' title='bbox 418 941 614 1024; x_wconf 74' lang='lat' dir='ltr'><strong>religiositatis</strong></span> <span class='ocrx_word' id='word_1_46' title='bbox 628 961 756 1016; x_wconf 89' lang='lat' dir='ltr'><strong>errores,</strong></span> <span class='ocrx_word' id='word_1_47' title='bbox 772 953 834 1005; x_wconf 88' lang='lat' dir='ltr'><strong>tum</strong></span> <span class='ocrx_word' id='word_1_48' title='bbox 850 944 918 1008; x_wconf 89' lang='lat' dir='ltr'><strong>illud</strong></span> <span class='ocrx_word' id='word_1_49' title='bbox 933 943 1090 1026; x_wconf 85' lang='lat' dir='ltr'><strong>praecipue</strong></span> <span class='ocrx_word' id='word_1_50' title='bbox 1103 943 1294 1022; x_wconf 84' lang='lat' dir='ltr'><strong>impugnare·</strong></span> 
     </span>
     <span class='ocr_line' id='line_1_7' title="bbox 133 1043 1293 1129; baseline -0.005 -18"><span class='ocrx_word' id='word_1_51' title='bbox 133 1054 188 1120; x_wconf 90' lang='lat' dir='ltr'><strong>rat,</strong></span> <span class='ocrx_word' id='word_1_52' title='bbox 204 1046 284 1127; x_wconf 88' lang='lat' dir='ltr'><strong>quod</strong></span> <span class='ocrx_word' id='word_1_53' title='bbox 299 1045 383 1109; x_wconf 92' lang='lat' dir='ltr'><strong>multi</strong></span> <span class='ocrx_word' id='word_1_54' title='bbox 394 1045 603 1129; x_wconf 78' lang='lat' dir='ltr'><strong>opinabantur,</strong></span> <span class='ocrx_word' id='word_1_55' title='bbox 617 1045 775 1126; x_wconf 77' lang='lat' dir='ltr'><strong>gratiorem</strong></span> <span class='ocrx_word' id='word_1_56' title='bbox 791 1045 851 1109; x_wconf 85' lang='lat' dir='ltr'><strong>Deo</strong></span> <span class='ocrx_word' id='word_1_57' title='bbox 866 1057 896 1109; x_wconf 89' lang='lat' dir='ltr'><strong>et</strong></span> <span class='ocrx_word' id='word_1_58' title='bbox 911 1046 1010 1129; x_wconf 86' lang='lat' dir='ltr'><strong>pietati</strong></span> <span class='ocrx_word' id='word_1_59' title='bbox 1025 1043 1293 1109; x_wconf 76' lang='lat' dir='ltr'><strong>convenientiorem</strong></span> 
     </span>
     <span class='ocr_line' id='line_1_8' title="bbox 134 1147 1295 1230; baseline -0.003 -18"><span class='ocrx_word' id='word_1_60' title='bbox 134 1147 308 1214; x_wconf 81' lang='lat' dir='ltr'><strong>coabbatum</strong></span> <span class='ocrx_word' id='word_1_61' title='bbox 323 1167 493 1230; x_wconf 84' lang='lat' dir='ltr'><strong>essequam</strong></span> <span class='ocrx_word' id='word_1_62' title='bbox 513 1147 743 1210; x_wconf 87' lang='lat' dir='ltr'><strong>matrimonium.</strong></span> <span class='ocrx_word' id='word_1_63' title='bbox 773 1148 923 1212; x_wconf 75' lang='lat' dir='ltr'><strong>Adversus</strong></span> <span class='ocrx_word' id='word_1_64' title='bbox 942 1150 1023 1212; x_wconf 86' lang='lat' dir='ltr'><strong>lrnue</strong></span> <span class='ocrx_word' id='word_1_65' title='bbox 1035 1148 1233 1229; x_wconf 71' lang='lat' dir='ltr'><strong>Hieronymus</strong></span> <span class='ocrx_word' id='word_1_66' title='bbox 1247 1165 1295 1209; x_wconf 90' lang='lat' dir='ltr'><strong>ar·</strong></span> 
     </span>
     <span class='ocr_line' id='line_1_9' title="bbox 134 1249 1295 1334; baseline -0.002 -20"><span class='ocrx_word' id='word_1_67' title='bbox 134 1259 272 1334; x_wconf 89' lang='lat' dir='ltr'><strong>gumenta</strong></span> <span class='ocrx_word' id='word_1_68' title='bbox 286 1249 481 1332; x_wconf 88' lang='lat' dir='ltr'><strong>undecunque</strong></span> <span class='ocrx_word' id='word_1_69' title='bbox 495 1250 654 1314; x_wconf 87' lang='lat' dir='ltr'><strong>corradens</strong></span> <span class='ocrx_word' id='word_1_70' title='bbox 669 1250 755 1313; x_wconf 85' lang='lat' dir='ltr'><strong>etiam</strong></span> <span class='ocrx_word' id='word_1_71' title='bbox 771 1250 851 1314; x_wconf 89' lang='lat' dir='ltr'><strong>illum</strong></span> <span class='ocrx_word' id='word_1_72' title='bbox 862 1250 1188 1334; x_wconf 86' lang='lat' dir='ltr'><strong>protulitTheophrasti</strong></span> <span class='ocrx_word' id='word_1_73' title='bbox 1200 1250 1295 1312; x_wconf 89' lang='lat' dir='ltr'><strong>locum</strong></span> 
     </span>
     <span class='ocr_line' id='line_1_10' title="bbox 133 1351 1296 1435; baseline 0 -18"><span class='ocrx_word' id='word_1_74' title='bbox 133 1373 169 1417; x_wconf 82' lang='lat' dir='ltr'><strong>es</strong></span> <span class='ocrx_word' id='word_1_75' title='bbox 183 1352 314 1426; x_wconf 87' lang='lat' dir='ltr'><strong>aureolo,</strong></span> <span class='ocrx_word' id='word_1_76' title='bbox 329 1362 363 1418; x_wconf 91' lang='lat' dir='ltr'><strong>nt</strong></span> <span class='ocrx_word' id='word_1_77' title='bbox 373 1353 422 1430; x_wconf 90' lang='lat' dir='ltr'><strong>ait,</strong></span> <span class='ocrx_word' id='word_1_78' title='bbox 435 1351 510 1417; x_wconf 92' lang='lat' dir='ltr'><strong>libro</strong></span> <span class='ocrx_word' id='word_1_79' title='bbox 521 1353 558 1416; x_wconf 92' lang='lat' dir='ltr'><strong>de</strong></span> <span class='ocrx_word' id='word_1_80' title='bbox 568 1351 689 1434; x_wconf 90' lang='lat' dir='ltr'><strong>nuptiis,</strong></span> <span class='ocrx_word' id='word_1_81' title='bbox 704 1351 806 1434; x_wconf 90' lang='lat' dir='ltr'><strong>inquo</strong></span> <span class='ocrx_word' id='word_1_82' title='bbox 818 1365 982 1434; x_wconf 73' lang='lat' dir='ltr'><strong>quaeratis,</strong></span> <span class='ocrx_word' id='word_1_83' title='bbox 997 1373 1035 1417; x_wconf 83' lang='lat' dir='ltr'><strong>au</strong></span> <span class='ocrx_word' id='word_1_84' title='bbox 1046 1352 1090 1415; x_wconf 84' lang='lat' dir='ltr'><strong>uir</strong></span> <span class='ocrx_word' id='word_1_85' title='bbox 1104 1353 1224 1435; x_wconf 88' lang='lat' dir='ltr'><strong>sapiens</strong></span> <span class='ocrx_word' id='word_1_86' title='bbox 1240 1353 1296 1417; x_wconf 91' lang='lat' dir='ltr'><strong>du·</strong></span> 
     </span>
     <span class='ocr_line' id='line_1_11' title="bbox 135 1455 1295 1540; baseline -0.003 -19"><span class='ocrx_word' id='word_1_87' title='bbox 135 1466 182 1521; x_wconf 87' lang='lat' dir='ltr'><strong>rat</strong></span> <span class='ocrx_word' id='word_1_88' title='bbox 195 1475 327 1520; x_wconf 84' lang='lat' dir='ltr'><strong>uxorem.</strong></span> <span class='ocrx_word' id='word_1_89' title='bbox 356 1456 473 1520; x_wconf 79' lang='lat' dir='ltr'><strong>Scilicet</strong></span> <span class='ocrx_word' id='word_1_90' title='bbox 486 1455 611 1520; x_wconf 90' lang='lat' dir='ltr'><strong>dubitari</strong></span> <span class='ocrx_word' id='word_1_91' title='bbox 625 1475 686 1520; x_wconf 93' lang='lat' dir='ltr'><strong>non</strong></span> <span class='ocrx_word' id='word_1_92' title='bbox 698 1465 805 1540; x_wconf 90' lang='lat' dir='ltr'><strong>potest,</strong></span> <span class='ocrx_word' id='word_1_93' title='bbox 817 1459 925 1520; x_wconf 87' lang='lat' dir='ltr'><strong>lactum</strong></span> <span class='ocrx_word' id='word_1_94' title='bbox 937 1456 1169 1540; x_wconf 83' lang='lat' dir='ltr'><strong>aTheopbrasto</strong></span> <span class='ocrx_word' id='word_1_95' title='bbox 1184 1476 1253 1519; x_wconf 86' lang='lat' dir='ltr'><strong>esse</strong></span> <span class='ocrx_word' id='word_1_96' title='bbox 1267 1456 1295 1518; x_wconf 93' lang='lat' dir='ltr'><strong>id</strong></span> 
     </span>
     <span class='ocr_line' id='line_1_12' title="bbox 134 1559 1297 1643; baseline 0 -23"><span class='ocrx_word' id='word_1_97' title='bbox 134 1560 214 1641; x_wconf 88' lang='lat' dir='ltr'><strong>quod</strong></span> <span class='ocrx_word' id='word_1_98' title='bbox 229 1569 461 1622; x_wconf 83' lang='lat' dir='ltr'><strong>cousentaneum</strong></span> <span class='ocrx_word' id='word_1_99' title='bbox 475 1569 539 1623; x_wconf 89' lang='lat' dir='ltr'><strong>erat</strong></span> <span class='ocrx_word' id='word_1_100' title='bbox 552 1559 582 1622; x_wconf 93' lang='lat' dir='ltr'><strong>in</strong></span> <span class='ocrx_word' id='word_1_101' title='bbox 596 1559 645 1623; x_wconf 89' lang='lat' dir='ltr'><strong>tali</strong></span> <span class='ocrx_word' id='word_1_102' title='bbox 661 1559 843 1642; x_wconf 84' lang='lat' dir='ltr'><strong>quaestione,</strong></span> <span class='ocrx_word' id='word_1_103' title='bbox 859 1569 892 1624; x_wconf 91' lang='lat' dir='ltr'><strong>ut</strong></span> <span class='ocrx_word' id='word_1_104' title='bbox 906 1568 935 1624; x_wconf 87' lang='lat' dir='ltr'><strong>ct</strong></span> <span class='ocrx_word' id='word_1_105' title='bbox 948 1579 1022 1643; x_wconf 89' lang='lat' dir='ltr'><strong>quae</strong></span> <span class='ocrx_word' id='word_1_106' title='bbox 1037 1579 1093 1642; x_wconf 90' lang='lat' dir='ltr'><strong>pro</strong></span> <span class='ocrx_word' id='word_1_107' title='bbox 1108 1559 1297 1622; x_wconf 84' lang='lat' dir='ltr'><strong>matrimonio</strong></span> 
     </span>
     <span class='ocr_line' id='line_1_13' title="bbox 133 1661 1297 1746; baseline 0 -22"><span class='ocrx_word' id='word_1_108' title='bbox 133 1672 163 1726; x_wconf 88' lang='lat' dir='ltr'><strong>et</strong></span> <span class='ocrx_word' id='word_1_109' title='bbox 181 1681 255 1745; x_wconf 90' lang='lat' dir='ltr'><strong>qnae</strong></span> <span class='ocrx_word' id='word_1_110' title='bbox 275 1673 377 1726; x_wconf 86' lang='lat' dir='ltr'><strong>eontra</strong></span> <span class='ocrx_word' id='word_1_111' title='bbox 395 1661 537 1744; x_wconf 87' lang='lat' dir='ltr'><strong>disputari</strong></span> <span class='ocrx_word' id='word_1_112' title='bbox 557 1672 694 1744; x_wconf 86' lang='lat' dir='ltr'><strong>possent,</strong></span> <span class='ocrx_word' id='word_1_113' title='bbox 719 1664 819 1727; x_wconf 90' lang='lat' dir='ltr'><strong>omnia</strong></span> <span class='ocrx_word' id='word_1_114' title='bbox 845 1673 1030 1746; x_wconf 76' lang='lat' dir='ltr'><strong>congereret:</strong></span> <span class='ocrx_word' id='word_1_115' title='bbox 1053 1681 1148 1745; x_wconf 88' lang='lat' dir='ltr'><strong>oeque</strong></span> <span class='ocrx_word' id='word_1_116' title='bbox 1173 1681 1210 1726; x_wconf 81' lang='lat' dir='ltr'><strong>es</strong></span> <span class='ocrx_word' id='word_1_117' title='bbox 1231 1663 1297 1734; x_wconf 88' lang='lat' dir='ltr'><strong>illis,</strong></span> 
     </span>
     <span class='ocr_line' id='line_1_14' title="bbox 134 1763 1297 1848; baseline 0.002 -22"><span class='ocrx_word' id='word_1_118' title='bbox 134 1784 210 1847; x_wconf 74' lang='lat' dir='ltr'><strong>equae</strong></span> <span class='ocrx_word' id='word_1_119' title='bbox 223 1764 437 1848; x_wconf 74' lang='lat' dir='ltr'><strong>Hieronymus,</strong></span> <span class='ocrx_word' id='word_1_120' title='bbox 455 1763 580 1828; x_wconf 90' lang='lat' dir='ltr'><strong>consilio</strong></span> <span class='ocrx_word' id='word_1_121' title='bbox 598 1783 654 1828; x_wconf 89' lang='lat' dir='ltr'><strong>suo</strong></span> <span class='ocrx_word' id='word_1_122' title='bbox 674 1765 819 1840; x_wconf 79' lang='lat' dir='ltr'><strong>serviens,</strong></span> <span class='ocrx_word' id='word_1_123' title='bbox 833 1785 869 1828; x_wconf 84' lang='lat' dir='ltr'><strong>ex</strong></span> <span class='ocrx_word' id='word_1_124' title='bbox 883 1767 971 1829; x_wconf 85' lang='lat' dir='ltr'><strong>altera</strong></span> <span class='ocrx_word' id='word_1_125' title='bbox 987 1765 1074 1830; x_wconf 89' lang='lat' dir='ltr'><strong>huius</strong></span> <span class='ocrx_word' id='word_1_126' title='bbox 1089 1763 1297 1848; x_wconf 82' lang='lat' dir='ltr'><strong>disputationis</strong></span> 
     </span>
     <span class='ocr_line' id='line_1_15' title="bbox 134 1866 1297 1950; baseline -0.002 -18"><span class='ocrx_word' id='word_1_127' title='bbox 134 1877 217 1950; x_wconf 83' lang='lat' dir='ltr'><strong>parte</strong></span> <span class='ocrx_word' id='word_1_128' title='bbox 236 1866 396 1948; x_wconf 83' lang='lat' dir='ltr'><strong>excerpsit,</strong></span> <span class='ocrx_word' id='word_1_129' title='bbox 414 1883 490 1948; x_wconf 90' lang='lat' dir='ltr'><strong>quae</strong></span> <span class='ocrx_word' id='word_1_130' title='bbox 508 1877 609 1930; x_wconf 75' lang='lat' dir='ltr'><strong>nonu-a</strong></span> <span class='ocrx_word' id='word_1_131' title='bbox 632 1869 853 1932; x_wconf 82' lang='lat' dir='ltr'><strong>matrimonium</strong></span> <span class='ocrx_word' id='word_1_132' title='bbox 874 1871 981 1950; x_wconf 88' lang='lat' dir='ltr'><strong>scripta</strong></span> <span class='ocrx_word' id='word_1_133' title='bbox 1004 1877 1079 1942; x_wconf 89' lang='lat' dir='ltr'><strong>erat,</strong></span> <span class='ocrx_word' id='word_1_134' title='bbox 1097 1867 1297 1948; x_wconf 87' lang='lat' dir='ltr'><strong>consequitur,</strong></span> 
     </span>
     <span class='ocr_line' id='line_1_16' title="bbox 135 1967 1298 2050; baseline -0.003 -18"><span class='ocrx_word' id='word_1_135' title='bbox 135 1986 197 2032; x_wconf 93' lang='lat' dir='ltr'><strong>non</strong></span> <span class='ocrx_word' id='word_1_136' title='bbox 213 1967 301 2032; x_wconf 91' lang='lat' dir='ltr'><strong>etiam</strong></span> <span class='ocrx_word' id='word_1_137' title='bbox 315 1967 346 2030; x_wconf 90' lang='lat' dir='ltr'><strong>iu</strong></span> <span class='ocrx_word' id='word_1_138' title='bbox 361 1967 504 2031; x_wconf 83' lang='lat' dir='ltr'><strong>diversam</strong></span> <span class='ocrx_word' id='word_1_139' title='bbox 525 1969 717 2042; x_wconf 88' lang='lat' dir='ltr'><strong>sententiam,</strong></span> <span class='ocrx_word' id='word_1_140' title='bbox 736 1969 795 2031; x_wconf 88' lang='lat' dir='ltr'><strong>boc</strong></span> <span class='ocrx_word' id='word_1_141' title='bbox 814 1979 862 2031; x_wconf 90' lang='lat' dir='ltr'><strong>cst</strong></span> <span class='ocrx_word' id='word_1_142' title='bbox 879 1987 935 2050; x_wconf 94' lang='lat' dir='ltr'><strong>pro</strong></span> <span class='ocrx_word' id='word_1_143' title='bbox 955 1967 1159 2042; x_wconf 89' lang='lat' dir='ltr'><strong>matrimonio,</strong></span> <span class='ocrx_word' id='word_1_144' title='bbox 1177 1969 1298 2030; x_wconf 82' lang='lat' dir='ltr'><strong>multra</strong></span> 
     </span>
     <span class='ocr_line' id='line_1_17' title="bbox 135 2068 1299 2154; baseline -0.003 -20"><span class='ocrx_word' id='word_1_145' title='bbox 135 2071 342 2154; x_wconf 85' lang='lat' dir='ltr'><strong>Theophrasto</strong></span> <span class='ocrx_word' id='word_1_146' title='bbox 357 2069 503 2152; x_wconf 89' lang='lat' dir='ltr'><strong>disputata</strong></span> <span class='ocrx_word' id='word_1_147' title='bbox 518 2070 618 2144; x_wconf 85' lang='lat' dir='ltr'><strong>luisse,</strong></span> <span class='ocrx_word' id='word_1_148' title='bbox 632 2069 739 2153; x_wconf 87' lang='lat' dir='ltr'><strong>quibus</strong></span> <span class='ocrx_word' id='word_1_149' title='bbox 754 2069 800 2134; x_wconf 92' lang='lat' dir='ltr'><strong>illa</strong></span> <span class='ocrx_word' id='word_1_150' title='bbox 814 2078 865 2133; x_wconf 91' lang='lat' dir='ltr'><strong>aut</strong></span> <span class='ocrx_word' id='word_1_151' title='bbox 875 2073 1097 2136; x_wconf 79' lang='lat' dir='ltr'><strong>confutarentur</strong></span> <span class='ocrx_word' id='word_1_152' title='bbox 1109 2080 1160 2132; x_wconf 89' lang='lat' dir='ltr'><strong>aut</strong></span> <span class='ocrx_word' id='word_1_153' title='bbox 1173 2068 1299 2132; x_wconf 85' lang='lat' dir='ltr'><strong>circum·</strong></span> 
     </span>
     <span class='ocr_line' id='line_1_18' title="bbox 135 2169 1300 2256; baseline -0.004 -18"><span class='ocrx_word' id='word_1_154' title='bbox 135 2174 343 2238; x_wconf 71' lang='lat' dir='ltr'><strong>scribermtnr.</strong></span> <span class='ocrx_word' id='word_1_155' title='bbox 369 2169 470 2248; x_wconf 87' lang='lat' dir='ltr'><strong>Quidl</strong></span> <span class='ocrx_word' id='word_1_156' title='bbox 486 2173 565 2253; x_wconf 90' lang='lat' dir='ltr'><strong>quod</strong></span> <span class='ocrx_word' id='word_1_157' title='bbox 584 2172 630 2236; x_wconf 88' lang='lat' dir='ltr'><strong>illa</strong></span> <span class='ocrx_word' id='word_1_158' title='bbox 642 2173 715 2256; x_wconf 86' lang='lat' dir='ltr'><strong>ipsa,</strong></span> <span class='ocrx_word' id='word_1_159' title='bbox 729 2192 803 2255; x_wconf 92' lang='lat' dir='ltr'><strong>quae</strong></span> <span class='ocrx_word' id='word_1_160' title='bbox 814 2173 961 2256; x_wconf 88' lang='lat' dir='ltr'><strong>exoorpsit</strong></span> <span class='ocrx_word' id='word_1_161' title='bbox 972 2172 1180 2254; x_wconf 83' lang='lat' dir='ltr'><strong>Hieronymus,</strong></span> <span class='ocrx_word' id='word_1_162' title='bbox 1190 2189 1252 2234; x_wconf 91' lang='lat' dir='ltr'><strong>non</strong></span> <span class='ocrx_word' id='word_1_163' title='bbox 1262 2171 1300 2234; x_wconf 87' lang='lat' dir='ltr'><strong>de</strong></span> 
     </span>
     <span class='ocr_line' id='line_1_19' title="bbox 135 2273 1298 2358; baseline -0.003 -18"><span class='ocrx_word' id='word_1_164' title='bbox 135 2275 326 2340; x_wconf 90' lang='lat' dir='ltr'><strong>matrimonio</strong></span> <span class='ocrx_word' id='word_1_165' title='bbox 346 2275 377 2338; x_wconf 91' lang='lat' dir='ltr'><strong>in</strong></span> <span class='ocrx_word' id='word_1_166' title='bbox 396 2273 579 2350; x_wconf 78' lang='lat' dir='ltr'><strong>universum,</strong></span> <span class='ocrx_word' id='word_1_167' title='bbox 598 2276 651 2338; x_wconf 85' lang='lat' dir='ltr'><strong>sed</strong></span> <span class='ocrx_word' id='word_1_168' title='bbox 671 2274 707 2338; x_wconf 89' lang='lat' dir='ltr'><strong>de</strong></span> <span class='ocrx_word' id='word_1_169' title='bbox 729 2274 920 2340; x_wconf 90' lang='lat' dir='ltr'><strong>matrimonio</strong></span> <span class='ocrx_word' id='word_1_170' title='bbox 941 2275 1083 2358; x_wconf 90' lang='lat' dir='ltr'><strong>sapientis</strong></span> <span class='ocrx_word' id='word_1_171' title='bbox 1104 2273 1182 2336; x_wconf 90' lang='lat' dir='ltr'><strong>dicta</strong></span> <span class='ocrx_word' id='word_1_172' title='bbox 1206 2285 1298 2346; x_wconf 85' lang='lat' dir='ltr'><strong>erant,</strong></span> 
     </span>
     <span class='ocr_line' id='line_1_20' title="bbox 135 2376 1299 2460; baseline -0.003 -20"><span class='ocrx_word' id='word_1_173' title='bbox 135 2379 165 2440; x_wconf 91' lang='lat' dir='ltr'><strong>h.</strong></span> <span class='ocrx_word' id='word_1_174' title='bbox 185 2397 211 2439; x_wconf 93' lang='lat' dir='ltr'><strong>e.</strong></span> <span class='ocrx_word' id='word_1_175' title='bbox 236 2376 314 2452; x_wconf 87' lang='lat' dir='ltr'><strong>eius,</strong></span> <span class='ocrx_word' id='word_1_176' title='bbox 339 2377 388 2460; x_wconf 91' lang='lat' dir='ltr'><strong>qui</strong></span> <span class='ocrx_word' id='word_1_177' title='bbox 413 2377 619 2460; x_wconf 87' lang='lat' dir='ltr'><strong>philosophiae</strong></span> <span class='ocrx_word' id='word_1_178' title='bbox 640 2385 671 2439; x_wconf 93' lang='lat' dir='ltr'><strong>et</strong></span> <span class='ocrx_word' id='word_1_179' title='bbox 691 2376 795 2440; x_wconf 88' lang='lat' dir='ltr'><strong>litteris</strong></span> <span class='ocrx_word' id='word_1_180' title='bbox 820 2376 960 2441; x_wconf 81' lang='lat' dir='ltr'><strong>studeret</strong></span> <span class='ocrx_word' id='word_1_181' title='bbox 1004 2377 1057 2439; x_wconf 88' lang='lat' dir='ltr'><strong>His</strong></span> <span class='ocrx_word' id='word_1_182' title='bbox 1082 2376 1171 2458; x_wconf 85' lang='lat' dir='ltr'><strong>igitur</strong></span> <span class='ocrx_word' id='word_1_183' title='bbox 1194 2376 1299 2441; x_wconf 90' lang='lat' dir='ltr'><strong>studiis</strong></span> 
     </span>
     <span class='ocr_line' id='line_1_21' title="bbox 135 2477 1298 2561; baseline 0 -20"><span class='ocrx_word' id='word_1_184' title='bbox 135 2477 362 2559; x_wconf 80' lang='lat' dir='ltr'><strong>Theophrastus</strong></span> <span class='ocrx_word' id='word_1_185' title='bbox 377 2479 599 2542; x_wconf 88' lang='lat' dir='ltr'><strong>matrimonium</strong></span> <span class='ocrx_word' id='word_1_186' title='bbox 617 2479 735 2543; x_wconf 75' lang='lat' dir='ltr'><strong>nistrare</strong></span> <span class='ocrx_word' id='word_1_187' title='bbox 750 2479 899 2542; x_wconf 87' lang='lat' dir='ltr'><strong>iudicarit:</strong></span> <span class='ocrx_word' id='word_1_188' title='bbox 918 2497 980 2543; x_wconf 92' lang='lat' dir='ltr'><strong>non</strong></span> <span class='ocrx_word' id='word_1_189' title='bbox 1000 2499 1092 2561; x_wconf 90' lang='lat' dir='ltr'><strong>posse</strong></span> <span class='ocrx_word' id='word_1_190' title='bbox 1114 2477 1202 2542; x_wconf 88' lang='lat' dir='ltr'><strong>simul</strong></span> <span class='ocrx_word' id='word_1_191' title='bbox 1216 2478 1298 2542; x_wconf 88' lang='lat' dir='ltr'><strong>libris</strong></span> 
     </span>
     <span class='ocr_line' id='line_1_22' title="bbox 133 2579 1297 2662; baseline 0 -20"><span class='ocrx_word' id='word_1_192' title='bbox 133 2591 164 2643; x_wconf 90' lang='lat' dir='ltr'><strong>et</strong></span> <span class='ocrx_word' id='word_1_193' title='bbox 182 2579 267 2642; x_wconf 86' lang='lat' dir='ltr'><strong>uxori</strong></span> <span class='ocrx_word' id='word_1_194' title='bbox 288 2597 407 2662; x_wconf 83' lang='lat' dir='ltr'><strong>operam</strong></span> <span class='ocrx_word' id='word_1_195' title='bbox 427 2581 504 2644; x_wconf 88' lang='lat' dir='ltr'><strong>dari:</strong></span> <span class='ocrx_word' id='word_1_196' title='bbox 523 2581 634 2644; x_wconf 89' lang='lat' dir='ltr'><strong>multos</strong></span> <span class='ocrx_word' id='word_1_197' title='bbox 653 2599 721 2643; x_wconf 91' lang='lat' dir='ltr'><strong>esse</strong></span> <span class='ocrx_word' id='word_1_198' title='bbox 739 2600 922 2662; x_wconf 91' lang='lat' dir='ltr'><strong>magnosque</strong></span> <span class='ocrx_word' id='word_1_199' title='bbox 943 2582 973 2646; x_wconf 94' lang='lat' dir='ltr'><strong>in</strong></span> <span class='ocrx_word' id='word_1_200' title='bbox 992 2600 1114 2645; x_wconf 83' lang='lat' dir='ltr'><strong>uxorem</strong></span> <span class='ocrx_word' id='word_1_201' title='bbox 1135 2591 1165 2642; x_wconf 87' lang='lat' dir='ltr'><strong>et</strong></span> <span class='ocrx_word' id='word_1_202' title='bbox 1190 2581 1297 2643; x_wconf 87' lang='lat' dir='ltr'><strong>liberos</strong></span> 
     </span>
     <span class='ocr_line' id='line_1_23' title="bbox 134 2681 1298 2764; baseline -0.001 -19"><span class='ocrx_word' id='word_1_203' title='bbox 134 2690 271 2762; x_wconf 88' lang='lat' dir='ltr'><strong>sumptus</strong></span> <span class='ocrx_word' id='word_1_204' title='bbox 286 2681 446 2758; x_wconf 74' lang='lat' dir='ltr'><strong>ludendos,</strong></span> <span class='ocrx_word' id='word_1_205' title='bbox 461 2683 601 2764; x_wconf 86' lang='lat' dir='ltr'><strong>plurimas</strong></span> <span class='ocrx_word' id='word_1_206' title='bbox 616 2683 746 2764; x_wconf 90' lang='lat' dir='ltr'><strong>quotidie</strong></span> <span class='ocrx_word' id='word_1_207' title='bbox 759 2683 909 2747; x_wconf 87' lang='lat' dir='ltr'><strong>molestias</strong></span> <span class='ocrx_word' id='word_1_208' title='bbox 924 2684 1145 2755; x_wconf 79' lang='lat' dir='ltr'><strong>exhauriendas,</strong></span> <span class='ocrx_word' id='word_1_209' title='bbox 1159 2701 1235 2764; x_wconf 85' lang='lat' dir='ltr'><strong>quae</strong></span> <span class='ocrx_word' id='word_1_210' title='bbox 1247 2701 1298 2744; x_wconf 85' lang='lat' dir='ltr'><strong>ae·</strong></span> 
     </span>
     <span class='ocr_line' id='line_1_24' title="bbox 134 2783 1297 2867; baseline -0.003 -17"><span class='ocrx_word' id='word_1_211' title='bbox 134 2785 273 2866; x_wconf 81' lang='lat' dir='ltr'><strong>quitatem</strong></span> <span class='ocrx_word' id='word_1_212' title='bbox 288 2784 378 2847; x_wconf 89' lang='lat' dir='ltr'><strong>animi</strong></span> <span class='ocrx_word' id='word_1_213' title='bbox 393 2785 600 2867; x_wconf 89' lang='lat' dir='ltr'><strong>perturbarent</strong></span> <span class='ocrx_word' id='word_1_214' title='bbox 614 2796 643 2848; x_wconf 90' lang='lat' dir='ltr'><strong>et</strong></span> <span class='ocrx_word' id='word_1_215' title='bbox 658 2785 792 2849; x_wconf 91' lang='lat' dir='ltr'><strong>alitteris</strong></span> <span class='ocrx_word' id='word_1_216' title='bbox 807 2795 977 2849; x_wconf 74' lang='lat' dir='ltr'><strong>avocarent:</strong></span> <span class='ocrx_word' id='word_1_217' title='bbox 992 2785 1118 2867; x_wconf 88' lang='lat' dir='ltr'><strong>denique</strong></span> <span class='ocrx_word' id='word_1_218' title='bbox 1132 2783 1217 2867; x_wconf 83' lang='lat' dir='ltr'><strong>plura</strong></span> <span class='ocrx_word' id='word_1_219' title='bbox 1231 2803 1297 2846; x_wconf 90' lang='lat' dir='ltr'><strong>om·</strong></span> 
     </span>
     <span class='ocr_line' id='line_1_25' title="bbox 133 2886 1419 2970; baseline -0.002 -19"><span class='ocrx_word' id='word_1_220' title='bbox 133 2887 206 2951; x_wconf 92' lang='lat' dir='ltr'><strong>nino</strong></span> <span class='ocrx_word' id='word_1_221' title='bbox 221 2905 302 2962; x_wconf 89' lang='lat' dir='ltr'><strong>esse,</strong></span> <span class='ocrx_word' id='word_1_222' title='bbox 322 2905 397 2969; x_wconf 88' lang='lat' dir='ltr'><strong>qnae</strong></span> <span class='ocrx_word' id='word_1_223' title='bbox 412 2886 617 2952; x_wconf 84' lang='lat' dir='ltr'><strong>dissuaderent</strong></span> <span class='ocrx_word' id='word_1_224' title='bbox 636 2887 817 2970; x_wconf 88' lang='lat' dir='ltr'><strong>sapientibus</strong></span> <span class='ocrx_word' id='word_1_225' title='bbox 837 2887 1060 2950; x_wconf 90' lang='lat' dir='ltr'><strong>matrimonium</strong></span> <span class='ocrx_word' id='word_1_226' title='bbox 1080 2887 1297 2970; x_wconf 85' lang='lat' dir='ltr'><strong>liberorumque</strong></span> <span class='ocrx_word' id='word_1_227' title='bbox 1414 2928 1419 2938; x_wconf 85' lang='lat'><em>·</em></span> 
     </span>
     <span class='ocr_line' id='line_1_26' title="bbox 133 2989 1298 3075; baseline -0.003 -19"><span class='ocrx_word' id='word_1_228' title='bbox 133 2989 387 3075; x_wconf 84' lang='lat' dir='ltr'><strong>procreationem,</strong></span> <span class='ocrx_word' id='word_1_229' title='bbox 410 3008 499 3071; x_wconf 89' lang='lat' dir='ltr'><strong>quam</strong></span> <span class='ocrx_word' id='word_1_230' title='bbox 520 3010 594 3074; x_wconf 88' lang='lat' dir='ltr'><strong>quae</strong></span> <span class='ocrx_word' id='word_1_231' title='bbox 608 2990 865 3066; x_wconf 89' lang='lat' dir='ltr'><strong>commendarent,</strong></span> <span class='ocrx_word' id='word_1_232' title='bbox 880 3002 911 3054; x_wconf 90' lang='lat' dir='ltr'><strong>et</strong></span> <span class='ocrx_word' id='word_1_233' title='bbox 924 3010 957 3054; x_wconf 82' lang='lat' dir='ltr'><strong>es</strong></span> <span class='ocrx_word' id='word_1_234' title='bbox 975 2989 1010 3054; x_wconf 91' lang='lat' dir='ltr'><strong>iis</strong></span> <span class='ocrx_word' id='word_1_235' title='bbox 1026 2989 1110 3072; x_wconf 88' lang='lat' dir='ltr'><strong>ipsis,</strong></span> <span class='ocrx_word' id='word_1_236' title='bbox 1124 3009 1200 3072; x_wconf 86' lang='lat' dir='ltr'><strong>quae</strong></span> <span class='ocrx_word' id='word_1_237' title='bbox 1216 3009 1298 3054; x_wconf 88' lang='lat' dir='ltr'><strong>com·</strong></span> 
     </span>
     <span class='ocr_line' id='line_1_27' title="bbox 135 3093 1299 3178; baseline -0.003 -18"><span class='ocrx_word' id='word_1_238' title='bbox 135 3095 331 3160; x_wconf 85' lang='lat' dir='ltr'><strong>mendatiouis</strong></span> <span class='ocrx_word' id='word_1_239' title='bbox 358 3111 446 3158; x_wconf 86' lang='lat' dir='ltr'><strong>causa</strong></span> <span class='ocrx_word' id='word_1_240' title='bbox 471 3095 658 3170; x_wconf 66' lang='lat' dir='ltr'><strong>afferentis,</strong></span> <span class='ocrx_word' id='word_1_241' title='bbox 678 3093 804 3178; x_wconf 91' lang='lat' dir='ltr'><strong>plurima</strong></span> <span class='ocrx_word' id='word_1_242' title='bbox 823 3095 854 3158; x_wconf 92' lang='lat' dir='ltr'><strong>in</strong></span> <span class='ocrx_word' id='word_1_243' title='bbox 874 3093 1049 3158; x_wconf 88' lang='lat' dir='ltr'><strong>contrariam</strong></span> <span class='ocrx_word' id='word_1_244' title='bbox 1069 3093 1169 3176; x_wconf 90' lang='lat' dir='ltr'><strong>potius</strong></span> <span class='ocrx_word' id='word_1_245' title='bbox 1187 3105 1299 3176; x_wconf 73' lang='lat' dir='ltr'><strong>piantem</strong></span> 
     </span>
     <span class='ocr_line' id='line_1_28' title="bbox 134 3197 1298 3281; baseline -0.003 -17"><span class='ocrx_word' id='word_1_246' title='bbox 134 3198 265 3264; x_wconf 81' lang='lat' dir='ltr'><strong>conveni</strong></span> <span class='ocrx_word' id='word_1_247' title='bbox 280 3215 380 3281; x_wconf 86' lang='lat' dir='ltr'><strong>posse.</strong></span> <span class='ocrx_word' id='word_1_248' title='bbox 410 3197 470 3260; x_wconf 92' lang='lat' dir='ltr'><strong>Sed</strong></span> <span class='ocrx_word' id='word_1_249' title='bbox 485 3197 571 3281; x_wconf 91' lang='lat' dir='ltr'><strong>quid,</strong></span> <span class='ocrx_word' id='word_1_250' title='bbox 586 3217 712 3280; x_wconf 88' lang='lat' dir='ltr'><strong>quaeso,</strong></span> <span class='ocrx_word' id='word_1_251' title='bbox 729 3199 877 3280; x_wconf 89' lang='lat' dir='ltr'><strong>pertinent</strong></span> <span class='ocrx_word' id='word_1_252' title='bbox 891 3199 963 3262; x_wconf 87' lang='lat' dir='ltr'><strong>haee</strong></span> <span class='ocrx_word' id='word_1_253' title='bbox 976 3199 1012 3262; x_wconf 95' lang='lat' dir='ltr'><strong>ad</strong></span> <span class='ocrx_word' id='word_1_254' title='bbox 1028 3198 1171 3262; x_wconf 92' lang='lat' dir='ltr'><strong>maiorem</strong></span> <span class='ocrx_word' id='word_1_255' title='bbox 1188 3208 1298 3280; x_wconf 85' lang='lat' dir='ltr'><strong>partem</strong></span> 
     </span>
     <span class='ocr_line' id='line_1_29' title="bbox 135 3298 1301 3385; baseline -0.001 -19"><span class='ocrx_word' id='word_1_256' title='bbox 135 3298 314 3368; x_wconf 73' lang='lat' dir='ltr'><strong>laominumi</strong></span> <span class='ocrx_word' id='word_1_257' title='bbox 329 3299 380 3383; x_wconf 94' lang='lat' dir='ltr'><strong>qui</strong></span> <span class='ocrx_word' id='word_1_258' title='bbox 395 3301 491 3374; x_wconf 85' lang='lat' dir='ltr'><strong>istius,</strong></span> <span class='ocrx_word' id='word_1_259' title='bbox 507 3319 596 3384; x_wconf 64' lang='lat' dir='ltr'><strong>mam</strong></span> <span class='ocrx_word' id='word_1_260' title='bbox 612 3300 837 3385; x_wconf 81' lang='lat' dir='ltr'><strong>Theophrastus</strong></span> <span class='ocrx_word' id='word_1_261' title='bbox 852 3300 932 3376; x_wconf 81' lang='lat' dir='ltr'><strong>dixit,</strong></span> <span class='ocrx_word' id='word_1_262' title='bbox 947 3301 1107 3384; x_wconf 87' lang='lat' dir='ltr'><strong>sapientiae</strong></span> <span class='ocrx_word' id='word_1_263' title='bbox 1127 3319 1232 3384; x_wconf 91' lang='lat' dir='ltr'><strong>parum</strong></span> <span class='ocrx_word' id='word_1_264' title='bbox 1248 3321 1301 3365; x_wconf 91' lang='lat' dir='ltr'><strong>cu·</strong></span> 
     </span>
     <span class='ocr_line' id='line_1_30' title="bbox 134 3403 1301 3489; baseline 0 -20"><span class='ocrx_word' id='word_1_265' title='bbox 134 3405 222 3482; x_wconf 89' lang='lat' dir='ltr'><strong>riosi,</strong></span> <span class='ocrx_word' id='word_1_266' title='bbox 237 3414 358 3468; x_wconf 87' lang='lat' dir='ltr'><strong>naturae</strong></span> <span class='ocrx_word' id='word_1_267' title='bbox 373 3403 473 3486; x_wconf 92' lang='lat' dir='ltr'><strong>potius</strong></span> <span class='ocrx_word' id='word_1_268' title='bbox 488 3422 590 3468; x_wconf 81' lang='lat' dir='ltr'><strong>rocem</strong></span> <span class='ocrx_word' id='word_1_269' title='bbox 605 3424 788 3488; x_wconf 87' lang='lat' dir='ltr'><strong>sensumque</strong></span> <span class='ocrx_word' id='word_1_270' title='bbox 809 3423 997 3470; x_wconf 89' lang='lat' dir='ltr'><strong>communem</strong></span> <span class='ocrx_word' id='word_1_271' title='bbox 1019 3415 1192 3488; x_wconf 74' lang='lat' dir='ltr'><strong>respuuntur,</strong></span> <span class='ocrx_word' id='word_1_272' title='bbox 1206 3425 1301 3489; x_wconf 89' lang='lat' dir='ltr'><strong>neque</strong></span> 
     </span>
     <span class='ocr_line' id='line_1_31' title="bbox 135 3506 1301 3584; baseline -0.002 -10"><span class='ocrx_word' id='word_1_273' title='bbox 135 3510 231 3574; x_wconf 89' lang='lat' dir='ltr'><strong>otiosa</strong></span> <span class='ocrx_word' id='word_1_274' title='bbox 245 3507 303 3572; x_wconf 85' lang='lat' dir='ltr'><strong>uita</strong></span> <span class='ocrx_word' id='word_1_275' title='bbox 318 3506 348 3570; x_wconf 90' lang='lat' dir='ltr'><strong>in</strong></span> <span class='ocrx_word' id='word_1_276' title='bbox 363 3506 469 3571; x_wconf 89' lang='lat' dir='ltr'><strong>umbra</strong></span> <span class='ocrx_word' id='word_1_277' title='bbox 484 3516 515 3571; x_wconf 92' lang='lat' dir='ltr'><strong>et</strong></span> <span class='ocrx_word' id='word_1_278' title='bbox 527 3507 605 3572; x_wconf 90' lang='lat' dir='ltr'><strong>inter</strong></span> <span class='ocrx_word' id='word_1_279' title='bbox 619 3507 711 3572; x_wconf 87' lang='lat' dir='ltr'><strong>libros</strong></span> <span class='ocrx_word' id='word_1_280' title='bbox 727 3507 794 3584; x_wconf 90' lang='lat' dir='ltr'><strong>trui,</strong></span> <span class='ocrx_word' id='word_1_281' title='bbox 808 3509 950 3572; x_wconf 64' lang='lat' dir='ltr'><strong>omarum</strong></span> <span class='ocrx_word' id='word_1_282' title='bbox 966 3508 1018 3573; x_wconf 86' lang='lat' dir='ltr'><strong>viri</strong></span> <span class='ocrx_word' id='word_1_283' title='bbox 1033 3509 1104 3572; x_wconf 93' lang='lat' dir='ltr'><strong>boni</strong></span> <span class='ocrx_word' id='word_1_284' title='bbox 1119 3529 1153 3573; x_wconf 89' lang='lat' dir='ltr'><strong>ae</strong></span> <span class='ocrx_word' id='word_1_285' title='bbox 1168 3509 1239 3574; x_wconf 83' lang='lat' dir='ltr'><strong>ciris</strong></span> <span class='ocrx_word' id='word_1_286' title='bbox 1254 3511 1301 3572; x_wconf 86' lang='lat' dir='ltr'><strong>ot·</strong></span> 
     </span>
     <span class='ocr_line' id='line_1_32' title="bbox 134 3609 1300 3694; baseline -0.003 -16"><span class='ocrx_word' id='word_1_287' title='bbox 134 3613 201 3679; x_wconf 81' lang='lat' dir='ltr'><strong>hoio</strong></span> <span class='ocrx_word' id='word_1_288' title='bbox 221 3611 334 3676; x_wconf 87' lang='lat' dir='ltr'><strong>nauiter</strong></span> <span class='ocrx_word' id='word_1_289' title='bbox 353 3609 434 3691; x_wconf 90' lang='lat' dir='ltr'><strong>luugi</strong></span> <span class='ocrx_word' id='word_1_290' title='bbox 454 3610 565 3674; x_wconf 81' lang='lat' dir='ltr'><strong>volunt</strong></span> <span class='ocrx_word' id='word_1_291' title='bbox 606 3611 680 3676; x_wconf 87' lang='lat' dir='ltr'><strong>Ham</strong></span> <span class='ocrx_word' id='word_1_292' title='bbox 701 3611 731 3676; x_wconf 98' lang='lat' dir='ltr'><strong>hi</strong></span> <span class='ocrx_word' id='word_1_293' title='bbox 752 3621 837 3688; x_wconf 88' lang='lat' dir='ltr'><strong>suut,</strong></span> <span class='ocrx_word' id='word_1_294' title='bbox 855 3611 978 3694; x_wconf 92' lang='lat' dir='ltr'><strong>opinor,</strong></span> <span class='ocrx_word' id='word_1_295' title='bbox 987 3612 1094 3694; x_wconf 77' lang='lat' dir='ltr'><strong>quihm</strong></span> <span class='ocrx_word' id='word_1_296' title='bbox 1110 3614 1300 3677; x_wconf 78' lang='lat' dir='ltr'><strong>oemnonuae</strong></span> 
     </span>
     <span class='ocr_line' id='line_1_33' title="bbox 133 3713 1299 3802; baseline -0.003 -21"><span class='ocrx_word' id='word_1_297' title='bbox 133 3725 291 3802; x_wconf 86' lang='lat' dir='ltr'><strong>praecepta</strong></span> <span class='ocrx_word' id='word_1_298' title='bbox 304 3714 369 3780; x_wconf 91' lang='lat' dir='ltr'><strong>dari</strong></span> <span class='ocrx_word' id='word_1_299' title='bbox 384 3713 531 3779; x_wconf 77' lang='lat' dir='ltr'><strong>mevenit</strong></span> <span class='ocrx_word' id='word_1_300' title='bbox 574 3715 619 3777; x_wconf 81' lang='lat' dir='ltr'><strong>dn</strong></span> <span class='ocrx_word' id='word_1_301' title='bbox 641 3714 795 3778; x_wconf 77' lang='lat' dir='ltr'><strong>nectemus</strong></span> <span class='ocrx_word' id='word_1_302' title='bbox 810 3713 909 3796; x_wconf 86' lang='lat' dir='ltr'><strong>ipsum</strong></span> <span class='ocrx_word' id='word_1_303' title='bbox 924 3714 1148 3797; x_wconf 90' lang='lat' dir='ltr'><strong>Hieronymum,</strong></span> <span class='ocrx_word' id='word_1_304' title='bbox 1166 3714 1299 3797; x_wconf 75' lang='lat' dir='ltr'><strong>quamuis</strong></span> 
     </span>
     <span class='ocr_line' id='line_1_34' title="bbox 134 3814 1298 3889; baseline -0.002 -4"><span class='ocrx_word' id='word_1_305' title='bbox 134 3820 311 3886; x_wconf 79' lang='lat' dir='ltr'><strong>sanctiorem</strong></span> <span class='ocrx_word' id='word_1_306' title='bbox 327 3817 501 3884; x_wconf 83' lang='lat' dir='ltr'><strong>coelibatum</strong></span> <span class='ocrx_word' id='word_1_307' title='bbox 513 3814 705 3881; x_wconf 90' lang='lat' dir='ltr'><strong>matrimonio</strong></span> <span class='ocrx_word' id='word_1_308' title='bbox 727 3815 869 3889; x_wconf 80' lang='lat' dir='ltr'><strong>mederet,</strong></span> <span class='ocrx_word' id='word_1_309' title='bbox 891 3815 918 3880; x_wconf 88' lang='lat' dir='ltr'><strong>si</strong></span> <span class='ocrx_word' id='word_1_310' title='bbox 933 3817 1009 3880; x_wconf 89' lang='lat' dir='ltr'><strong>torte</strong></span> <span class='ocrx_word' id='word_1_311' title='bbox 1024 3817 1060 3880; x_wconf 87' lang='lat' dir='ltr'><strong>ad</strong></span> <span class='ocrx_word' id='word_1_312' title='bbox 1076 3819 1298 3883; x_wconf 81' lang='lat' dir='ltr'><strong>oeconomicam</strong></span> 
     </span>
     <span class='ocr_line' id='line_1_35' title="bbox 134 3918 1300 3996; baseline -0.002 -8"><span class='ocrx_word' id='word_1_313' title='bbox 134 3923 300 3988; x_wconf 83' lang='lat' dir='ltr'><strong>docendam</strong></span> <span class='ocrx_word' id='word_1_314' title='bbox 317 3921 504 3996; x_wconf 86' lang='lat' dir='ltr'><strong>accessisset,</strong></span> <span class='ocrx_word' id='word_1_315' title='bbox 531 3938 592 3983; x_wconf 90' lang='lat' dir='ltr'><strong>non</strong></span> <span class='ocrx_word' id='word_1_316' title='bbox 613 3919 704 3984; x_wconf 85' lang='lat' dir='ltr'><strong>luisse</strong></span> <span class='ocrx_word' id='word_1_317' title='bbox 720 3929 816 3982; x_wconf 90' lang='lat' dir='ltr'><strong>tamen</strong></span> <span class='ocrx_word' id='word_1_318' title='bbox 835 3918 1057 3983; x_wconf 91' lang='lat' dir='ltr'><strong>matrimonium</strong></span> <span class='ocrx_word' id='word_1_319' title='bbox 1072 3923 1300 3986; x_wconf 84' lang='lat' dir='ltr'><strong>commendatu-</strong></span> 
     </span>
     <span class='ocr_line' id='line_1_36' title="bbox 132 4020 1299 4102; baseline -0.001 -11"><span class='ocrx_word' id='word_1_320' title='bbox 132 4045 216 4102; x_wconf 88' lang='lat' dir='ltr'><strong>rum,</strong></span> <span class='ocrx_word' id='word_1_321' title='bbox 236 4035 271 4090; x_wconf 92' lang='lat' dir='ltr'><strong>ut</strong></span> <span class='ocrx_word' id='word_1_322' title='bbox 294 4035 324 4090; x_wconf 93' lang='lat' dir='ltr'><strong>et</strong></span> <span class='ocrx_word' id='word_1_323' title='bbox 342 4033 464 4090; x_wconf 85' lang='lat' dir='ltr'><strong>naturae</strong></span> <span class='ocrx_word' id='word_1_324' title='bbox 483 4023 662 4088; x_wconf 79' lang='lat' dir='ltr'><strong>conveniens</strong></span> <span class='ocrx_word' id='word_1_325' title='bbox 677 4032 707 4086; x_wconf 87' lang='lat' dir='ltr'><strong>et</strong></span> <span class='ocrx_word' id='word_1_326' title='bbox 725 4023 761 4086; x_wconf 91' lang='lat' dir='ltr'><strong>ad</strong></span> <span class='ocrx_word' id='word_1_327' title='bbox 781 4039 844 4085; x_wconf 88' lang='lat' dir='ltr'><strong>rem</strong></span> <span class='ocrx_word' id='word_1_328' title='bbox 864 4020 1057 4087; x_wconf 87' lang='lat' dir='ltr'><strong>domesticam</strong></span> <span class='ocrx_word' id='word_1_329' title='bbox 1075 4033 1155 4088; x_wconf 87' lang='lat' dir='ltr'><strong>recte</strong></span> <span class='ocrx_word' id='word_1_330' title='bbox 1173 4026 1299 4090; x_wconf 82' lang='lat' dir='ltr'><strong>adrnini·</strong></span> 
     </span>
     <span class='ocr_line' id='line_1_37' title="bbox 133 4123 1299 4211; baseline -0.007 -16"><span class='ocrx_word' id='word_1_331' title='bbox 133 4129 283 4195; x_wconf 84' lang='lat' dir='ltr'><strong>strondam</strong></span> <span class='ocrx_word' id='word_1_332' title='bbox 298 4127 385 4211; x_wconf 83' lang='lat' dir='ltr'><strong>pleno</strong></span> <span class='ocrx_word' id='word_1_333' title='bbox 398 4123 622 4192; x_wconf 78' lang='lat' dir='ltr'><strong>necessarium?</strong></span> <span class='ocrx_word' id='word_1_334' title='bbox 665 4126 706 4190; x_wconf 85' lang='lat' dir='ltr'><strong>lta</strong></span> <span class='ocrx_word' id='word_1_335' title='bbox 718 4143 788 4206; x_wconf 89' lang='lat' dir='ltr'><strong>ergo</strong></span> <span class='ocrx_word' id='word_1_336' title='bbox 803 4123 890 4188; x_wconf 88' lang='lat' dir='ltr'><strong>etiam</strong></span> <span class='ocrx_word' id='word_1_337' title='bbox 903 4124 1128 4208; x_wconf 84' lang='lat' dir='ltr'><strong>Theophrastus</strong></span> <span class='ocrx_word' id='word_1_338' title='bbox 1143 4129 1299 4194; x_wconf 78' lang='lat' dir='ltr'><strong>matrimo-</strong></span> 
     </span>
     <span class='ocr_line' id='line_1_38' title="bbox 133 4227 1298 4315; baseline 0 -17"><span class='ocrx_word' id='word_1_339' title='bbox 133 4233 228 4308; x_wconf 89' lang='lat' dir='ltr'><strong>nium,</strong></span> <span class='ocrx_word' id='word_1_340' title='bbox 242 4231 357 4296; x_wconf 84' lang='lat' dir='ltr'><strong>ctiamsi</strong></span> <span class='ocrx_word' id='word_1_341' title='bbox 370 4227 494 4311; x_wconf 85' lang='lat' dir='ltr'><strong>sapienti</strong></span> <span class='ocrx_word' id='word_1_342' title='bbox 509 4246 566 4292; x_wconf 87' lang='lat' dir='ltr'><strong>suo</strong></span> <span class='ocrx_word' id='word_1_343' title='bbox 581 4229 762 4302; x_wconf 88' lang='lat' dir='ltr'><strong>dissuaserit,</strong></span> <span class='ocrx_word' id='word_1_344' title='bbox 777 4245 942 4291; x_wconf 89' lang='lat' dir='ltr'><strong>oeconomo</strong></span> <span class='ocrx_word' id='word_1_345' title='bbox 957 4237 1036 4292; x_wconf 81' lang='lat' dir='ltr'><strong>oeno</strong></span> <span class='ocrx_word' id='word_1_346' title='bbox 1051 4249 1112 4294; x_wconf 89' lang='lat' dir='ltr'><strong>non</strong></span> <span class='ocrx_word' id='word_1_347' title='bbox 1127 4231 1226 4315; x_wconf 86' lang='lat' dir='ltr'><strong>potuit</strong></span> <span class='ocrx_word' id='word_1_348' title='bbox 1239 4252 1298 4298; x_wconf 91' lang='lat' dir='ltr'><strong>non</strong></span> 
     </span>
     <span class='ocr_line' id='line_1_39' title="bbox 132 4329 1300 4418; baseline 0.001 -18"><span class='ocrx_word' id='word_1_349' title='bbox 132 4332 351 4400; x_wconf 85' lang='lat' dir='ltr'><strong>commendare.</strong></span> <span class='ocrx_word' id='word_1_350' title='bbox 378 4329 461 4396; x_wconf 79' lang='lat' dir='ltr'><strong>Etin</strong></span> <span class='ocrx_word' id='word_1_351' title='bbox 476 4330 638 4396; x_wconf 82' lang='lat' dir='ltr'><strong>domestice</strong></span> <span class='ocrx_word' id='word_1_352' title='bbox 652 4329 906 4394; x_wconf 76' lang='lat' dir='ltr'><strong>administratione</strong></span> <span class='ocrx_word' id='word_1_353' title='bbox 920 4330 1001 4396; x_wconf 91' lang='lat' dir='ltr'><strong>illum</strong></span> <span class='ocrx_word' id='word_1_354' title='bbox 1015 4331 1126 4415; x_wconf 81' lang='lat' dir='ltr'><strong>pariter</strong></span> <span class='ocrx_word' id='word_1_355' title='bbox 1139 4345 1227 4418; x_wconf 88' lang='lat' dir='ltr'><strong>atque</strong></span> <span class='ocrx_word' id='word_1_356' title='bbox 1241 4335 1300 4400; x_wconf 73' lang='lat' dir='ltr'><strong>tte»</strong></span> 
     </span>
    </p>
   </div>
   <div class='ocr_carea' id='block_1_3' title="bbox 89 4558 139 4568">
    <p class='ocr_par' dir='ltr' id='par_1_3' title="bbox 89 4558 139 4568">
     <span class='ocr_line' id='line_1_40' title="bbox 89 4558 139 4568; baseline 0 0"><span class='ocrx_word' id='word_1_357' title='bbox 89 4558 139 4568; x_wconf 63' lang='lat'><strong>*-</strong></span> 
     </span>
    </p>
   </div>
   <div class='ocr_carea' id='block_1_4' title="bbox 0 0 1552 4964">
    <p class='ocr_par' dir='ltr' id='par_1_4' title="bbox 0 0 1552 4964">
     <span class='ocr_line' id='line_1_41' title="bbox 0 0 1552 4964; baseline 0 0"><span class='ocrx_word' id='word_1_358' title='bbox 0 0 1552 4964; x_wconf 95' lang='lat' dir='ltr'><strong> </strong></span> 
     </span>
    </p>
   </div>
  </div>
 </body>
</html>
