3196 4954
675 451 738 516 21¹1

612 537 813 551 *-

128 635 206 718 τούς
216 632 438 725 έπιτρδποεςς
447 626 1110 726 respondet:oiaog,rp⁸dio,erl2’oiapore‹3,
1122 631 1293 720 πειρῶμαι
1375 679 1377 682 -

129 738 315 823 παιδεύειν,
335 755 422 828 atepue
436 745 573 830 deinceps
588 743 726 819 rationes,
749 763 802 808 eur
815 744 854 808 ita
869 743 963 818 iaciat,
983 741 1145 824 prudenter
1164 739 1292 823 exponit,

128 866 202 930 quaa
226 847 252 912 ai
274 847 466 912 Philodemus
490 857 670 932 reputasset,
695 864 758 909 non
783 845 1021 928 reprehendisset
1044 846 1168 906 sonasse
1191 843 1291 907 Theo·

128 950 292 1032 phrastum,
307 961 340 1014 ut
354 951 421 1014 iaoit
434 969 464 1033 p.
480 951 536 1014 46:
556 945 614 1013 καὶ
630 944 690 1013 διά
703 943 740 1013 τί
753 947 880 1027 παῖδας
893 941 1018 1013 κελεύει
1034 939 1292 1031 παρασκευασά-

126 1071 225 1135 μενον
235 1047 371 1140 τρέφειν
381 1047 440 1117 καὶ
450 1046 635 1131 παιδεύειν,
650 1039 703 1130 οἷς
711 1050 754 1118 τά
764 1048 941 1137 ἐλευθέρια
951 1046 1018 1114 τῶν
1028 1039 1131 1134 έργοιν
1141 1067 1291 1133 προστα-

127 1149 230 1235 κτέον,
243 1151 369 1239 μᾶλλον
382 1143 406 1242 ἢ
419 1149 706 1238 πεπαιδευμένοις
720 1145 782 1218 ἀπ’
797 1149 904 1219 ἀλύειν
919 1144 1229 1240 ἠγορασμένοιςς
1248 1153 1291 1216 lta

128 1258 207 1322 enim
223 1259 411 1323 tullensium
427 1278 534 1323 oenseo
548 1278 604 1342 pro
625 1279 660 1321 eo
680 1258 760 1340 quod
781 1258 892 1321 editum
913 1267 960 1320 est
975 1247 1141 1343 ἠγμένοις,
1161 1274 1197 1319 ex
1216 1257 1291 1321 male

127 1361 271 1427 intellecto
293 1362 454 1446 scripturae
480 1363 666 1446 compendio.
701 1362 810 1425 iustior
834 1360 925 1426 videri
951 1371 1051 1444 potest
1075 1360 1163 1424 altera
1188 1377 1291 1444 repire-

127 1465 246 1542 hensio,
277 1465 356 1548 quotl
389 1485 451 1531 non
481 1476 558 1530 reete
584 1485 687 1531 servos
717 1466 845 1550 primam
876 1474 906 1530 et
937 1465 1063 1529 niaximo
1094 1465 1291 1530 neeessariam

128 1583 240 1652 partem
263 1569 466 1654 possessionis
490 1571 712 1654 Theophrastus
740 1571 858 1647 dixerit,
886 1580 989 1634 eontm
1014 1589 1102 1653 quam
1127 1569 1291 1635 llesioalusa

126 1691 194 1738 uam
217 1673 266 1738 leio
289 1675 420 1757 primum
447 1675 548 1757 posuit
572 1671 654 1758 βούν
679 1667 833 1762 ἀροτῆρα.
874 1675 975 1758 Neque
1000 1674 1080 1740 enim
1106 1674 1206 1756 negari
1233 1695 1290 1759 po·

127 1785 192 1852 test,
212 1797 280 1841 esse
294 1779 417 1842 domum
437 1779 524 1842 otiam
543 1778 607 1840 sine
626 1779 717 1841 seruis
737 1797 836 1861 prome,
855 1779 1104 1862 quomadmodum
1119 1777 1290 1843 Aristotelea

130 1879 194 1959 ipse
208 1878 294 1943 eolat
310 1880 332 1954 l,
349 1881 364 1942 1
381 1901 411 1963 p.
428 1881 458 1956 δ,
474 1882 494 1942 5
510 1879 666 1960 signifieat:
687 1875 706 1944 δ
722 1877 784 1964 γάρ
800 1877 879 1963 βοῦς
899 1872 970 1944 ἀντ’
990 1873 1121 1944 elatem·
1136 1881 1209 1956 τοῖς
1227 1874 1291 1945 πέ·

126 1973 218 2065 νιγοέν
231 1974 332 2046 ἐστιν.
361 1983 400 2044 At
417 1981 495 2046 enirn
517 2000 596 2045 nune
610 1982 647 2044 ele
661 1973 754 2070 οἶκύᾳ
767 1976 884 2067 osirim
907 1983 937 2046 la.
956 2002 982 2045 ε.
1002 1982 1039 2044 ele
1057 1983 1149 2045 elomo
1170 1983 1244 2046 liene
1262 1994 1293 2046 et

126 2083 282 2146 eommoelo
297 2083 439 2148 instructa
455 2085 558 2166 agitur,
573 2103 647 2166 quae
661 2085 754 2149 sertis
764 2104 863 2148 carere
874 2103 936 2148 non
948 2103 1039 2167 posse
1052 2083 1216 2160 ridebatur,
1231 2105 1292 2167 quo

125 2185 192 2267 plus
207 2187 280 2250 hero
295 2185 331 2250 au
346 2187 463 2268 negotia
478 2187 638 2252 liberaliora
654 2187 705 2252 otii
720 2197 901 2270 suppeteret.
934 2188 977 2250 Cl.
989 2189 1078 2252 Arist.
1088 2187 1153 2252 Pol.
1166 2189 1222 2264 ta
1238 2191 1292 2254 in:

128 2281 220 2354 οἰκία
235 2284 274 2355 δέ
287 2286 413 2368 τέλειος
427 2284 464 2355 δτι
479 2286 605 2355 δούλων
618 2287 676 2355 καὶ
686 2285 879 2378 ἐλευθέριον.
895 2325 937 2339 -
963 2291 1180 2356 incentionem
1191 2313 1294 2358 serro-

126 2412 194 2456 rum
214 2413 307 2476 porro
323 2395 398 2458 liano
412 2414 479 2458 esse
493 2394 601 2458 debere
616 2394 767 2478 praecipit,
786 2387 833 2470 ιύς
850 2389 935 2483 μήτε
953 2386 1100 2478 ύβρύζειν
1119 2389 1191 2476 δᾶν,
1210 2391 1294 2484 μήτε

126 2489 263 2576 ἀνιέναι,
284 2492 342 2560 καὶ
356 2497 428 2572 τοῖς
440 2491 502 2576 μέν
515 2491 808 2582 δλεαύεριωτέροις
825 2496 925 2584 τιμῆς
941 2494 1147 2580 μεταδοτέον,
1165 2503 1239 2580 τοῖς
1258 2492 1293 2566 δ’

125 2593 282 2684 ἐργάταις
304 2595 432 2686 τροφῆς
455 2595 597 2686 πλῆθος.
636 2601 740 2664 llerito
764 2601 794 2665 in
818 2601 865 2666 his
886 2603 1036 2666 llelslearus
1060 2605 1195 2668 offendit:
1219 2625 1289 2670 nam
1312 2617 1345 2672 la

125 2695 255 2769 ἀνιέναι
269 2723 330 2767 non
346 2713 423 2766 rento
439 2702 477 2766 ita
492 2720 546 2786 per
560 2703 749 2770 disiunctione
764 2706 920 2789 ptartieulas
931 2703 980 2792 τῷ
993 2697 1138 2790 iupiter
1151 2703 1210 2774 ἐᾶν
1224 2719 1290 2776 tan·

125 2827 215 2890 queam
231 2807 377 2871 diversum
393 2806 504 2889 opponi
521 2807 642 2884 violetur,
663 2825 755 2891 quum
771 2810 895 2874 alterum
916 2811 997 2875 altori
1013 2813 1290 2880 coniunctissimum

125 2914 172 2988 sit,
187 2922 218 2976 et
231 2929 335 2975 servos
350 2927 422 2974 suos
437 2911 486 2992 qui
498 2901 637 2998 ἀνίησιν,
652 2911 670 2974 i.
686 2933 711 2976 ο.
727 2914 817 2978 nimis
833 2915 894 2978 laxo
906 2915 1001 2990 liolaet,
1016 2916 1074 2980 leue
1087 2917 1154 3002 ipso
1165 2920 1291 2985 laseims

124 3017 185 3080 lieri
208 3014 349 3100 poliatur:
377 3007 545 3099 ἀνιέμενοι
567 3010 629 3100 γάρ
651 3009 843 3103 ὑβρίζουσιν
864 3011 1113 3086 solstitiales
1138 3016 1292 3102 ἀξιοδσιν

45 3145 49 3154 ·
123 3113 261 3196 ἑαυτούς
275 3117 346 3198 τοῖς
360 3110 495 3207 καρύοις,
516 3127 549 3184 ul
562 3121 603 3185 ait
616 3121 788 3186 Aristoteles
804 3123 890 3188 l'olit
906 3124 942 3198 ll,
963 3127 983 3189 u
998 3145 1028 3208 p.
1044 3127 1095 3202 53,
1114 3127 1164 3193 28.
1194 3127 1293 3194 Maluit

123 3225 212 3308 igitur
232 3225 384 3290 Bellienus
398 3219 498 3310 μηδέ
518 3216 656 3304 ἀνιέναι,
677 3237 711 3292 οι
729 3229 835 3310 oopula
850 3225 893 3305 τέ,
913 3247 989 3312 quae
1008 3243 1054 3296 est
1073 3231 1103 3295 in
1122 3228 1208 3320 μήτε
1226 3245 1293 3298 anto

125 3321 270 3415 ὑβρίζειν
285 3329 394 3411 posito,
409 3331 553 3394 reloratur
566 3329 603 3392 ad
617 3329 785 3412 proximam
802 3334 922 3396 demum
937 3335 1170 3402 enuntiationem
1182 3333 1239 3403 καὶ
1250 3373 1292 3386 -

122 3427 353 3515 μεταδιδόναι.
385 3433 444 3496 Sed
465 3431 521 3496 alio
541 3433 649 3497 ducere
668 3433 781 3498 videtur
799 3435 1002 3512 Philodemus,
1016 3439 1065 3521 qui
1084 3459 1114 3522 p.
1135 3441 1177 3504 tt
1200 3441 1240 3505 in.
1255 3443 1293 3506 δε

123 3545 226 3599 nostro
240 3535 307 3598 loeo
322 3533 462 3598 iudicium
477 3531 656 3617 proterere
671 3531 710 3602 δὲ
722 3529 812 3624 μήδ’
822 3530 969 3624 ύβρύζειν
982 3535 1041 3606 ἐᾶν
1053 3537 1131 3618 τούς
1145 3537 1293 3623 δούλοις,

122 3633 207 3724 μήτε
218 3673 262 3686 --
273 3630 359 3716 έζειν
369 3672 411 3685 -
424 3629 571 3715 ἀνέντος
581 3629 722 3725 εἴρηται.
748 3641 897 3723 integrum
913 3642 1045 3718 ambrum,
1060 3644 1144 3709 euius
1158 3647 1290 3728 priorem

123 3749 236 3824 piarum
252 3741 354 3804 laouoa
369 3739 522 3810 subtraxit
541 3739 724 3822 Neapolitani
742 3742 871 3806 editores
890 3738 1022 3822 πιέζειν
1041 3745 1131 3809 luisse
1149 3749 1290 3830 sospitati

124 3853 204 3919 sunt,
218 3841 410 3925 Goettliogius
425 3833 630 3924 μαλακύζειν,
650 3844 697 3907 oui
712 3843 838 3906 similem
858 3853 946 3927 atquo
965 3845 1055 3910 verbo
1071 3838 1200 3912 ἀνιέναι
1219 3867 1290 3913 aen·

124 3946 244 4010 tentiam
259 3945 397 4010 tribuisse
407 3944 531 4009 ridetur.
561 3945 620 4010 Setl
631 3945 752 4010 interest
761 3945 839 4010 hautl
851 3945 938 4011 dubio
947 3947 1143 4030 aliquantum:
1157 3970 1175 4015 a
1188 3951 1291 4016 Philo·

123 4048 211 4113 demo
233 4057 330 4113 autem
349 4067 447 4132 noque
458 4041 655 4132 μαλατύζειν
672 4068 767 4132 neque
784 4044 926 4129 πιέζειν,
948 4051 1001 4115 sed
1021 4051 1122 4135 potius
1141 4043 1292 4137 ἀνιάζειν

122 4151 267 4236 seriptum
290 4171 356 4216 ease
381 4151 571 4228 crediderim,
595 4162 625 4217 ot
647 4173 664 4218 a
683 4153 887 4238 Theophrasto
908 4142 1020 4235 ἀνιᾶν,
1045 4157 1126 4240 quod
1150 4159 1235 4226 laoile
1260 4161 1291 4226 io

123 4245 252 4320 ἀνιέναι
271 4255 422 4337 depravari
441 4255 552 4339 potuit,
574 4275 666 4340 ριιιιιιι
685 4257 856 4341 praesertim
876 4257 975 4322 stafim
995 4271 1136 4344 aoqmlur
1158 4257 1227 4328 atot'.
1247 4301 1292 4316 -

123 4358 242 4438 legitur
264 4367 412 4440 praeterea
435 4359 515 4442 apud
538 4359 760 4424 Philodemum:
782 4354 842 4424 καὶ
863 4359 1293 4454 τοῖίεμινάμρθινωτέροις

121 4453 223 4542 τιμῆς
233 4451 440 4540 μεταδοτέον,
450 4459 523 4537 τοῖς
536 4450 570 4524 δ’
578 4453 735 4547 έργάταις
742 4457 868 4550 τροφῆς
878 4457 1046 4548 πλείονος,
1057 4467 1205 4551 loquum
1220 4471 1291 4537 ulou
