3106 4958
703 495 748 562 33

623 581 824 595 ἡ*

146 698 269 772 propter
288 688 428 752 maiorem
455 705 521 750 cum
542 683 629 748 diade
654 697 683 748 rt
702 686 833 768 Odyssia
859 688 1078 753 similitudinem
1106 691 1134 753 io
1162 691 1311 756 Homerici

148 792 277 856 nominis
293 792 460 854 societatem
477 789 602 859 uenisse,
617 787 790 871 pracsertim
805 789 830 851 oi
845 790 881 852 ab
896 791 1000 856 iisriem
1012 794 1118 874 quibus
1133 795 1204 858 baec
1218 796 1309 878 rbap·

147 895 230 958 sudis
245 895 358 958 recitari
377 893 520 956 sotebant.
558 891 602 955 Sit
620 911 691 955 saure
710 891 764 953 ita:
784 893 922 956 nolumus
941 895 1019 958 enirn
1040 897 1216 960 contendere
1232 899 1262 960 in
1277 917 1310 962 re

148 1011 207 1062 tam
223 1000 362 1061 obscura:
383 998 440 1059 boc
460 1007 555 1060 tamen
571 1005 707 1076 oportum
722 1003 780 1066 cst,
798 995 883 1058 istam
900 997 1121 1062 similitudinem
1137 1019 1196 1062 raon
1212 1001 1310 1064 conti·

148 1119 208 1164 oue
225 1101 267 1162 sic
287 1099 484 1181 accipiendam
505 1118 586 1169 csso,
606 1109 637 1161 ut
655 1098 742 1160 etiam
762 1099 936 1162 artiticiusae
952 1101 1178 1182 compositionis
1198 1113 1228 1167 et
1243 1105 1309 1167 uoi-

148 1205 216 1266 tatis
240 1203 326 1266 laurio
351 1203 395 1264 ida
421 1203 549 1265 carmina
570 1199 703 1282 proxime
723 1202 759 1263 ad
779 1200 874 1263 iliadis
893 1213 920 1264 et
941 1203 1088 1284 (bqssoae
1102 1207 1310 1286 praestantiam

149 1306 310 1369 accessisse
324 1313 496 1368 statuantur.
539 1303 612 1366 Nam
627 1303 740 1365 etiarnsi
757 1303 870 1366 suntin
887 1303 921 1366 iis
938 1325 1064 1385 quoruro
1087 1307 1184 1389 ipsum
1201 1328 1310 1372 nornen

150 1411 354 1472 demonstrare
373 1408 522 1480 ridentur,
542 1415 654 1468 uersata
674 1425 708 1468 ca
728 1425 794 1468 csse
809 1425 870 1468 nou
886 1408 976 1470 modo
1000 1410 1029 1472 in
1050 1429 1110 1473 uno
1126 1411 1235 1486 tirone,
1257 1413 1309 1474 sed

151 1513 180 1576 in
201 1531 258 1576 una
279 1512 393 1576 actione
413 1510 563 1593 ptisanario,
581 1510 658 1572 vetut
672 1509 823 1571 Orciratiao
843 1510 986 1573 excidium
1008 1513 1036 1574 in
1053 1513 1175 1577 Hercule
1189 1515 1311 1596 eiusque

151 1627 252 1680 contra
269 1617 411 1697 Eurytum
437 1613 526 1685 ΙνεΙΙο,
553 1615 623 1676 stim
642 1621 738 1674 tarraco
758 1630 863 1675 rursus
883 1613 949 1681 aiio.
974 1635 1047 1697 quoe
1067 1617 1172 1680 ‹tu-orsi
1193 1619 1309 1700 generis

152 1721 241 1783 tuisse
255 1739 316 1782 uon
331 1717 497 1782 coniectura
515 1717 566 1778 sed
582 1726 661 1779 certo
678 1715 846 1778 testirrmnio
867 1715 1069 1796 intelligamus.
1105 1721 1209 1802 (ἔρροι
1229 1721 1307 1783 enim
1326 1727 1342 1780 't

151 1835 180 1886 et
198 1842 315 1905 porram
336 1822 453 1886 iliadem
472 1821 643 1882 Aristotedes
663 1818 827 1881 Homericis
847 1821 1025 1883 rorrrtioibus
1046 1823 1171 1903 oqqionit
1190 1834 1312 1906 propter

152 1927 210 1989 troc
234 1926 347 2009 ipsum,
379 1923 459 2004 quod
485 1921 520 1984 ad
552 1921 690 1983 unitatem
716 1921 839 2002 actionis
870 1922 967 1984 urinus
992 1925 1124 1987 solbrter
1148 1928 1314 2008 ronqmsita

153 2028 269 2103 tuerint,
284 2026 477 2108 quaroobrem
492 2024 518 2086 si
538 2033 635 2086 nureo
652 2023 781 2086 dionaero
796 2024 866 2086 draeo
881 2046 897 2087 a
913 2025 1011 2086 rrrrdtis
1032 2046 1093 2090 nou
1110 2029 1207 2092 miuus
1223 2047 1312 2108 quom

153 2130 304 2195 Oechaliae
323 2129 467 2191 excidium
483 2125 739 2198 adscribebantur,
755 2128 952 2189 coarctamus
968 2148 1088 2190 norusso
1104 2139 1159 2202 est,
1175 2131 1204 2192 id
1220 2149 1314 2213 prop·

154 2245 198 2297 ter
212 2233 281 2297 alias
293 2230 434 2313 quasdam
452 2248 539 2310 quom
552 2227 779 2308 cerrqmsitiouis
792 2227 911 2291 uirtutes
928 2230 990 2290 beri
1008 2231 1150 2309 potuisse.
1180 2232 1257 2308 Quid
1270 2244 1315 2296 est

156 2336 255 2416 igitur,
275 2353 328 2396 cur
342 2333 372 2394 in
388 2331 541 2394 Oerbaiioc
555 2329 666 2392 excidio
683 2329 758 2390 irarro
778 2331 877 2411 quotins
893 2351 981 2411 quam
996 2331 1066 2393 abas
1089 2344 1233 2414 spectabas
1248 2355 1315 2398 esse

155 2435 310 2500 dimotus?
326 2469 366 2482 -
382 2435 518 2497 l'rofccto
545 2431 589 2494 sic
609 2452 641 2494 sc
660 2450 708 2494 rus
727 2432 827 2503 trotio,
849 2442 881 2494 ut
900 2433 978 2495 nudo
1003 2434 1064 2496 iure
1084 2436 1218 2516 urdluquo
1237 2447 1314 2500 certa

155 2539 267 2602 ratione
282 2537 415 2601 concludi
437 2536 548 2618 pessit,
569 2545 680 2597 soteres
694 2534 759 2597 idos
776 2535 804 2596 iu
820 2535 1009 2598 aostiruandis
1024 2538 1202 2601 rorariinibus
1222 2539 1314 2622 opicis

71 2721 73 2726 Ι
155 2643 342 2724 iiornoroque
354 2650 404 2703 aut
414 2638 616 2703 adscribendis
628 2647 678 2700 aut
688 2637 887 2701 abiudirandis
903 2639 978 2702 idam
991 2641 1179 2720 potissimum
1196 2643 1315 2706 unitatis

155 2765 290 2809 normam
303 2743 480 2814 adhibuisse,
495 2743 531 2804 ad
547 2761 635 2822 quem
652 2751 684 2803 ut
699 2741 803 2804 suerint
819 2741 874 2803 iam
892 2751 953 2804 tom
966 2743 1029 2803 bias
1044 2755 1071 2806 et
1085 2745 1214 2824 Odyssea
1230 2767 1314 2809 eorn-

154 2843 1315 2931 qmsitae‚oootamcneanrautaoiroadrcrsuuabipsisqrootisiiomorumaemu·
1405 2901 1409 2910 .

156 2952 298 3026 lantibus,
324 2959 375 3014 aut
399 2949 498 3030 utique
525 2947 720 3010 necessariam
748 2947 783 3008 ad
807 2947 920 3011 laudum
943 2950 1105 3013 conriiourn
1133 2952 1223 3014 risam
1250 2973 1317 3015 osse

156 3065 285 3138 apparet.
331 3054 369 3117 Ut
395 3051 515 3126 suerint,
535 3051 669 3130 iaqumu,
696 3051 751 3111 iam
772 3059 834 3113 tum
851 3051 915 3113 ibas
936 3062 964 3114 ot
979 3053 1108 3134 Odyssea
1129 3055 1172 3116 sic
1191 3075 1318 3138 compo·

157 3158 243 3221 sitae:
261 3175 329 3220 unm
352 3157 408 3218 boc
422 3155 520 3238 ipsum
541 3153 766 3235 haudquaquam
786 3153 857 3216 satis
871 3163 1007 3218 itorrstare
1021 3158 1088 3236 quis
1104 3156 1219 3220 noscit?
1261 3159 1319 3222 Sed

156 3262 194 3323 de
209 3261 264 3323 bac
278 3259 449 3341 quaestione
464 3257 548 3320 alias:
563 3273 643 3319 nunc
662 3264 774 3319 tautum
791 3257 954 3321 aristotelis
970 3259 1055 3323 sorba
1071 3260 1167 3341 paidlo
1183 3261 1321 3324 attentius

157 3361 421 3426 considerabimus.

242 3465 270 3528 ls
287 3465 389 3548 igitur,
403 3468 465 3529 dut.
486 3472 562 3547 ροιι
579 3482 642 3544 cau.
658 3463 693 3534 8,
717 3463 829 3544 percari
849 3483 864 3526 a
885 3465 984 3528 nmltis
1001 3468 1088 3530 docet
1108 3466 1137 3530 in
1158 3468 1321 3532 carminum

158 3568 375 3651 eorirpositione
388 3578 559 3651 propterea,
578 3566 656 3648 quod
673 3566 743 3648 quid
759 3569 793 3630 ad
811 3567 949 3630 unimtrm
972 3568 1084 3632 salsulae
1099 3572 1241 3653 portinent
1260 3590 1322 3634 non

91 3729 96 3740 .
158 3679 344 3754 perspectum
371 3671 504 3733 babeant
553 3667 682 3744 Μῦθος
709 3658 743 3730 d'
769 3663 861 3732 ἐστίν
886 3657 946 3746 εἷς,
974 3672 1081 3754 inquit,
1107 3667 1180 3754 ον’·χ,
1209 3668 1324 3756 ὥσπερ

59 3772 62 3780 ’
158 3770 245 3850 τινὲς
261 3764 398 3848 οἴονται,
421 3765 478 3834 ε’ἀν
498 3763 577 3854 περὶ
600 3763 659 3831 ἵνα
679 3758 718 3852 ᾖ·
742 3765 850 3832 noted
872 3767 933 3855 γὰρ
948 3769 1007 3836 καί
1029 3767 1216 3860 ἂπειρατηῖ
1239 3771 1323 3856 μένει

159 3867 348 3956 συμβαίνει,
379 3864 510 3956 (ὥσπερ
540 3865 639 3934 ποτέ
668 3865 726 3933 καί
755 3858 894 3933 daton
923 3865 1059 3956 φασίν,)
1090 3869 1129 3952 ἐξ
1156 3859 1202 3937 ὧν
1227 3867 1323 3939 ἐνίων

160 3969 256 4041 οὐδέν
276 3970 368 4040 ἐστιν
390 3969 439 4037 ἕν·
461 3965 547 4037 oiirto
570 3967 608 4036 δὲ
630 3966 688 4034 καί
710 3964 851 4056 πράξεις
871 3963 943 4047 ἑνὸς
958 3967 1084 4036 πολλαί
1104 3968 1199 4054 είσιν,
1221 3969 1259 4056 ἐξ
1279 3963 1326 4040 ὧν

159 4071 223 4162 μία
244 4069 383 4158 οὐδεμία
404 4070 530 4158 γίνεται
553 4069 682 4158 πρᾶξις.
720 4070 778 4136 διὸ
798 4069 922 4150 πάντες
942 4069 1093 4141 ἐοίκασιν
1114 4072 1325 4166 ἁμαρτάνειν,

161 4175 238 4247 ὅσοι
263 4177 330 4244 τῶν
355 4175 505 4265 ποιητῶν
526 4169 735 4262 Ἡρακληΐδα
757 4173 814 4239 καί
843 4171 997 4264 Θησηΐδα
1023 4175 1081 4243 καὶ
1108 4178 1152 4244 τὰ
1178 4179 1325 4246 τοιαῦτα

161 4278 338 4372 ποιήματα
359 4274 603 4368 πεποιήκασιν·
625 4271 755 4343 οἴονται
777 4274 852 4364 γὰρ,
879 4273 956 4343 ἐπεὶ
977 4265 1027 4356 εἷς
1046 4268 1086 4368 ἦν
1108 4276 1127 4348 o‘
1146 4277 1327 4372 Ἡρακλῆς,

163 4379 221 4452 ἕνα
246 4381 305 4451 καὶ
328 4379 387 4449 τὸν
407 4379 519 4465 μῦθον
539 4369 627 4446 εἶναι
648 4374 838 4467 προσήκειν.
882 4383 915 4444 Ιιι
934 4383 1138 4450 constituenda
1158 4388 1250 4452 buius
1263 4390 1321 4452 loci

161 4487 287 4553 tectione
301 4485 503 4553 Hermauuum
517 4485 660 4550 brennus
675 4493 817 4565 sequutus
832 4502 909 4562 sum,
923 4494 958 4550 ut
970 4488 1058 4552 verba
1074 4491 1190 4572 uncinis
1205 4492 1328 4570 incluso,

205 4590 256 4658 ut.
615 4621 618 4630 ν
1110 4593 1131 4656 3
1170 4613 1172 4618 ·
