3078 4954
187 674 331 742 eiusmodi
351 691 430 749 esse,
449 682 479 738 et
492 671 551 734 hoe
566 670 664 755 ipsum
680 668 853 753 planissime
871 670 1021 754 eloquitur
1040 671 1070 735 in
1084 673 1199 755 vulgata
1213 673 1351 739 lectione:

187 769 338 844 αὐθαδία
352 767 486 853 οὐδενὸς
500 777 562 854 (aut
576 764 650 838 οὐδ’
666 763 751 853 ἑνός)
766 767 879 855 μεῖζον
892 767 1024 840 ode'rss:
1040 777 1265 842 contumacia
1280 797 1350 843 non

187 881 254 946 ulia
272 899 310 943 re
329 878 409 961 plus
424 878 551 962 pollet,
571 878 601 940 la.
617 896 644 939 e.
660 875 733 939 nihil
748 877 932 942 contumacia
947 877 1011 942 sola
1025 895 1080 960 per
1093 897 1137 954 se,
1152 877 1264 961 alasque
1277 901 1350 964 pru·

184 982 288 1056 dentis,
302 983 418 1046 vincere
431 991 460 1045 et
475 998 616 1064 superare
630 987 730 1062 qsotest
739 982 779 1056 ⁴).

267 1088 389 1151 ilerum
409 1087 520 1170 aliquot
538 1085 595 1149 loci
610 1105 626 1148 ιι
641 1104 704 1164 ιιια,
724 1083 776 1166 qui
791 1102 845 1147 eos
860 1101 951 1148 sanos
966 1103 1033 1148 esse
1048 1083 1219 1164 iudicarem,
1235 1085 1350 1151 silentio
1366 1113 1368 1118 ,

183 1191 395 1276 praetermissi,
419 1212 435 1256 a
456 1190 615 1254 ll'iesolero
635 1197 732 1254 autent
758 1187 982 1270 supervacaneis
1008 1188 1185 1255 coniecturis
1208 1191 1350 1268 attentati,

183 1295 270 1379 idque
280 1303 359 1360 unta
375 1315 443 1360 cuna
458 1295 585 1369 levitate,
606 1303 639 1359 ut
653 1294 683 1358 in
698 1293 845 1378 plerisque
863 1311 903 1356 uo
918 1313 1021 1359 musas
1036 1295 1168 1379 quidem,
1183 1314 1236 1361 cur
1250 1296 1349 1379 nulga-

184 1409 241 1466 taan
257 1399 411 1465 lectionem
427 1409 568 1464 ιιιιιιαιαιιι
584 1397 676 1474 vellet,
690 1415 838 1480 exponere
853 1409 978 1464 conatus
994 1399 1041 1464 sit.
1071 1401 1164 1464 Veluti
1176 1419 1263 1466 versu
1278 1400 1350 1478 258,

182 1505 231 1570 ubi
246 1504 435 1587 interroganti
450 1505 543 1569 choro

393 1615 466 1688 οὐδ’
481 1615 574 1688 ἔστιν
588 1614 697 1688 ἄθλου
711 1620 816 1709 τέρμα
831 1641 885 1688 σοι
903 1614 1133 1712 πρακαίμινανς

266 1743 461 1808 Prometheus
476 1744 652 1826 respondet:

394 1855 455 1928 oda
470 1853 552 1928 dito
567 1855 595 1950 γ)
610 1857 715 1944 oridia,
731 1861 820 1953 πλὴν
834 1859 915 1930 ὅταν
929 1859 1027 1954 κείνῳ
1043 1862 1136 1954 δοκῇ.

180 1987 335 2069 displicere
353 1984 409 2048 silai
435 1984 565 2050 ostendit
584 1980 621 2069 γε’
639 1987 830 2068 porticulum,
851 1989 935 2052 cuius
954 1987 1102 2053 rationem
1124 1989 1293 2068 llartunqus
1320 1987 1350 2053 in

182 2091 275 2154 doctr.
291 2099 366 2172 prart.
377 2090 400 2166 1,
415 2109 481 2173 pag.
498 2090 561 2154 392
575 2089 698 2155 reddere
712 2090 871 2156 studuerit:
888 2111 941 2157 cur
955 2103 1053 2157 autern
1069 2090 1222 2175 displiceat
1235 2101 1265 2154 et
1279 2091 1348 2173 quid

182 2193 219 2258 ab
230 2193 383 2274 llartunqo
395 2203 524 2257 erratum
536 2213 602 2257 esse
613 2207 740 2274 censeat,
752 2213 814 2260 non
826 2195 904 2260 dicit
927 2195 997 2280 lpse
1008 2196 1084 2260 hanc
1094 2193 1236 2279 proponit
1246 2213 1348 2259 ernen-

182 2296 347 2360 dationem:

385 2388 444 2461 oe'ac
467 2387 577 2462 dilim’
600 2390 704 2478 οὐδὲν,
728 2397 815 2488 πλὴν
837 2394 917 2466 ὅταν
930 2395 1029 2488 κείνῳ
1052 2400 1147 2489 δοκῇ,

180 2502 305 2587 licetque
319 2501 474 2584 suspicari,
488 2502 576 2566 huns
591 2521 661 2586 prae
672 2503 784 2587 uulgata
799 2505 922 2570 lectione
938 2507 1146 2591 praestantiam
1162 2507 1235 2571 adeo
1247 2507 1273 2570 ei
1285 2503 1350 2571 ina-
1425 2569 1428 2577 ,

182 2608 318 2672 nitestanr
343 2607 436 2670 risun
463 2625 543 2680 esse,
572 2616 605 2669 ut
631 2607 714 2671 omni
741 2607 994 2673 demonstratione
1022 2609 1211 2692 supersederi
1236 2620 1349 2692 posset

180 2711 244 2775 n'os
262 2711 340 2775 itane
359 2710 581 2792 praestantiam,
601 2711 694 2792 qualis
709 2711 762 2789 sit,
783 2731 845 2775 non
860 2712 1065 2795 perspicimus.
1096 2713 1170 2776 llam
1185 2713 1214 2776 id
1229 2713 1350 2796 quidem

181 2833 244 2878 non
259 2813 420 2888 aretinense,
442 2813 647 2877 concinnitatis
662 2815 815 2878 cuiusdam
836 2834 937 2878 amore
951 2833 1018 2878 eum
1034 2825 1203 2897 permotum
1218 2835 1298 2892 esse,
1317 2827 1351 2880 ut

135 2923 166 2976 tt
182 2917 323 2980 adrerlrio
343 2916 487 2998 temporis
507 2915 640 2992 relativo,
659 2911 753 2995 ὅταν,
778 2921 900 2981 altenrna
921 2917 990 2980 itero
1010 2916 1177 2979 adverbium
1197 2920 1349 2999 temporis,

180 3009 308 3092 ὄλλυτε,
322 3019 525 3099 responderet.
556 3019 651 3080 Nimis
666 3020 745 3082 enim
766 3021 825 3083 lsoc
838 3019 949 3102 puerile
968 3027 1023 3080 est
1053 3017 1190 3081 Ceterum
1207 3012 1245 3101 γέ
1257 3020 1349 3102 parti·

182 3121 247 3183 cula
261 3120 321 3182 lroc
335 3119 401 3181 loco
418 3118 503 3198 pinne
519 3139 552 3180 ex
566 3120 768 3202 vulgatissimo
786 3121 920 3184 omniurn
935 3120 1112 3201 scriptorum
1128 3139 1185 3184 usu
1197 3121 1293 3202 posita
1305 3130 1352 3186 est

182 3223 213 3285 in
236 3241 270 3284 es
291 3219 502 3302 responsione,
521 3240 578 3302 aqua
598 3223 665 3304 quis
684 3223 714 3286 id
733 3223 845 3306 ipsum,
867 3224 946 3306 quod
968 3223 1040 3286 alter
1059 3222 1292 3304 interrogaverit,
1311 3224 1351 3288 ita

182 3344 250 3388 esse
261 3323 397 3397 affirmat,
412 3322 557 3404 simulque
569 3324 675 3407 aliquid
691 3327 813 3409 insuper
828 3327 916 3391 addit
946 3326 1005 3390 iles
1020 3335 1066 3390 eet
1076 3325 1232 3390 notissima
1242 3325 1351 3408 diuque

184 3439 254 3493 ante
269 3427 452 3508 llartunqunn
473 3446 488 3489 a
510 3426 609 3491 multis
630 3429 796 3493 oloservata:
817 3438 846 3493 et
864 3438 963 3494 esunt
977 3429 1040 3493 eins
1055 3429 1086 3493 in
1107 3429 1163 3494 hoc
1175 3428 1240 3512 ipsa
1256 3428 1351 3494 teuta

186 3531 301 3614 aliquot
314 3528 456 3612 exemqun
471 3529 548 3594 uelut
561 3548 587 3592 ι.
603 3529 676 3594 253.
692 3533 722 3606 t,
738 3534 811 3608 515,
827 3534 900 3610 att,
916 3532 989 3609 769,
1005 3532 1076 3596 775.
1153 3580 1155 3582 -

275 3633 349 3696 item
364 3651 391 3694 ι.
407 3631 470 3696 tao
484 3651 549 3714 sqq.
564 3632 709 3714 vulgatam
724 3635 879 3699 lectionem

390 3745 459 3837 βοᾷ
481 3747 519 3816 δὲ
540 3746 677 3828 πόντιος
697 3747 826 3818 κλυόὠν

391 3849 589 3936 §venerreio
613 3849 722 3921 στένει
742 3849 862 3939 daldae,
1118 3934 1120 3938 ¹

391 3953 542 4034 κελαινὸς
561 3949 595 4022 δ’
614 3947 733 4036 ’Ἀΐδας
747 3949 931 4044 ὑποβρέμει
951 3951 1056 4040 μῦχος
1077 3952 1147 4041 γᾶς.

185 4075 292 4157 retingi
306 4077 367 4140 vult
386 4076 416 4139 in
435 4078 515 4141 hunc
528 4078 667 4151 niodum,
688 4084 790 4159 utpro
803 4070 914 4159 paleae
927 4076 1104 4142 rescribatur
1116 4067 1242 4158 βαθύς,
1257 4073 1350 4158 perti·

185 4193 262 4242 nens
288 4177 397 4240 scilicet
421 4178 526 4242 eodem
548 4198 609 4263 quo
631 4172 791 4256 κελαινὸς,
816 4178 853 4241 ad
874 4170 990 4259 paixoc,
1024 4185 1260 4242 commeantem
1281 4185 1352 4259 post

204 4493 240 4548 u
250 4411 285 4546 ὲ)
303 4409 399 4463 stanna
427 4409 548 4476 qasetsas
570 4411 686 4480 sxa-pte
707 4409 816 4464 castalit
836 4423 916 4480 nuper
935 4409 1058 4479 &appias
1077 4410 1110 4463 sd
1126 4410 1192 4465 tusc
1208 4409 1311 4475 Protea.
1326 4423 1351 4478 p.

185 4495 203 4546 5
