3196 4954
598 491 607 507 ·
678 455 741 522 23¹1

609 545 811 560 ψ.-

135 649 246 724 stravit,
260 646 470 732 verissimeque.
481 667 538 731 pro
551 645 655 722 Callia,
667 665 754 729 quem
766 643 951 728 Neapolitani
962 642 1156 728 adsciverant,
1172 643 1295 709 Gelliam
1392 724 1395 732 Ι

133 751 276 834 reposuit,
296 752 418 816 laudatis
438 751 557 817 Diodor.
578 751 653 825 hill,
674 749 724 814 83.
760 749 862 813 Athen.
877 747 898 822 l,
913 750 933 810 0
948 767 978 831 p.
994 751 1024 812 4.
1054 749 1146 812 l‘aler.
1161 749 1235 813 blas.
1249 748 1296 822 ll',

133 856 164 932 8,
179 866 235 921 eat.
252 857 282 932 2,
299 877 333 921 ex
349 856 455 940 quibus
469 856 542 920 locis
557 853 766 938 cognoscimus
780 853 941 926 bominem,
954 861 989 915 ut
999 852 1101 916 Valerii
1113 853 1209 917 rerhis
1221 864 1296 926 utar,

133 961 242 1045 opibus
255 960 453 1036 excellentem,
468 959 520 1022 sed
532 959 625 1022 multo
636 957 723 1021 etiam
736 957 834 1022 animo
846 975 935 1038 quam
946 955 1053 1020 divitiis
1064 956 1296 1039 locupletiorem,

134 1065 353 1148 semperquein
369 1063 515 1146 eroganda
530 1063 733 1144 potiusquam
756 1059 787 1123 in
806 1060 1006 1124 contrahenda
1025 1060 1149 1141 mcunia
1168 1080 1296 1142 occupa·

133 1176 206 1240 tum,
227 1166 299 1231 adeo
314 1175 348 1229 ut
361 1167 470 1230 domus
484 1166 548 1229 eius
563 1165 646 1247 quasi
665 1163 805 1246 quaedam
822 1161 1038 1226 munilirentiae
1058 1162 1173 1226 ohicina
1195 1163 1296 1226 crede·

133 1278 223 1332 retur.
257 1267 389 1332 Cimonis
404 1267 605 1332 liberalitatem
622 1264 795 1330 Plutarchus
814 1274 1027 1329 commemorat
1046 1264 1095 1328 vit.
1125 1265 1198 1328 Cina.
1213 1284 1239 1328 c.
1257 1269 1296 1328 10

133 1379 163 1433 et
177 1369 266 1432 Corn.
283 1369 358 1452 Nep.
374 1388 399 1432 c.
415 1372 451 1446 ⁴3
470 1385 565 1450 neque
581 1367 680 1432 Niciae
701 1377 751 1432 aul
764 1368 880 1450 Scopae
899 1366 1015 1430 diritiae
1033 1377 1063 1432 et
1082 1367 1296 1448 magnilicentia

134 1467 278 1536 obscurae
298 1481 367 1535 sunt
379 1476 387 1516 ¹
399 1472 440 1547 ll.
474 1470 688 1534 hdrersatiram
710 1471 880 1552 particulam
901 1479 971 1552 post
988 1465 1075 1534 κατὰ
1092 1464 1216 1556 σοφίαν
1232 1471 1297 1532 edi·

134 1573 229 1638 tiones
244 1591 305 1637 non
320 1571 438 1646 babent,
458 1571 589 1636 videlicet
604 1579 655 1635 aut
676 1571 798 1635 deletam
818 1571 848 1634 in
868 1591 979 1654 papyro
999 1581 1049 1636 aut
1067 1573 1295 1637 describentium

132 1696 235 1740 errore
250 1675 501 1758 praetermissam:
516 1691 585 1736 nam
601 1691 700 1737 carere
714 1692 748 1736 ea
760 1673 853 1736 oratio
865 1691 926 1736 non
939 1693 1030 1757 posse
1042 1674 1164 1738 ridetur.
1188 1667 1296 1740 olas-

132 1772 229 1864 τέραν
247 1777 282 1842 ad
302 1773 419 1862 κτῆσιν
439 1785 468 1838 et
486 1771 603 1861 χρῆσιν
620 1775 766 1857 pertinere
785 1786 915 1858 apparet
945 1778 986 1840 lle
1011 1787 1180 1859 postremae
1203 1779 1296 1860 quetis

133 1880 278 1944 sententia
291 1877 321 1942 ia
333 1875 501 1957 Goettlingii
512 1875 702 1957 explicatione
714 1877 877 1959 acquiesco,
892 1879 1128 1960 Theophrastum
1141 1880 1298 1962 praecipue.

133 1982 255 2062 eiusque
269 1970 366 2061 βίοις
380 1998 405 2041 s.
421 1977 513 2040 libros
528 1971 606 2061 περὶ
621 1972 705 2058 βίων
718 1978 825 2060 respici
840 1981 997 2054 credentis,
1016 2000 1107 2062 quum
1123 1983 1296 2064 praesertim

134 2082 171 2146 ab
186 2083 245 2146 boc
259 2079 403 2144 eiusmodi
418 2077 627 2155 liberalitatem,
641 2079 717 2160 quali
732 2081 836 2144 Cimon
852 2081 957 2163 aliique
971 2081 1018 2146 usi
1033 2093 1111 2159 sunt,
1125 2083 1155 2146 in
1171 2082 1246 2146 libro
1260 2085 1297 2146 sle

135 2186 242 2250 divitiis
257 2183 403 2249 laudatum
419 2201 487 2246 csse
501 2181 602 2244 Cicero
618 2189 751 2259 testetur,
766 2184 803 2247 de
818 2183 902 2247 outc
917 2183 952 2259 ll,
971 2185 1017 2248 lb.

222 2289 437 2352 Peroeasentur
447 2303 539 2367 porco
555 2303 570 2347 a
586 2283 758 2348 Philodemo
774 2285 828 2348 alia
839 2295 981 2367 quaestus
1001 2305 1122 2368 genera,
1142 2306 1217 2369 quae
1236 2305 1297 2350 nou

135 2393 197 2456 sint
212 2391 377 2474 probanda:
393 2378 604 2472 γελοιότατον
618 2382 727 2452 δὲκαὶ
741 2383 781 2450 τὸ
795 2381 947 2475 πορίζειν
961 2379 1025 2475 dp‘
1039 2379 1186 2475 ἱππικῆς
1199 2385 1301 2453 καλὸν

135 2485 285 2560 οἴεσθαι.
326 2491 442 2556 Scilicet
460 2489 630 2554 huiusmodi
655 2499 824 2572 quaestum,
846 2509 862 2554 a
882 2490 1080 2574 Xenophonte
1103 2511 1208 2556 oecon.
1229 2494 1258 2564 3.
1278 2493 1299 2556 8

135 2598 231 2661 obiter
244 2602 522 2666 commemoratum,
542 2593 588 2656 alii
603 2595 731 2658 tortasse
745 2607 815 2677 post
829 2595 908 2657 hunc
927 2593 1020 2676 magis
1036 2595 1122 2658 etiam
1143 2614 1298 2659 commen-

135 2699 280 2762 davemnt,
316 2697 453 2761 Proxima
467 2695 552 2758 scrita
569 2706 706 2777 corrupta
722 2706 806 2760 sunt:
820 2691 860 2759 cd
875 2691 934 2759 daci
948 2716 997 2760 nn
1009 2731 1053 2743 -
1067 2731 1110 2744 -
1125 2695 1206 2783 ικῆς,
1220 2693 1299 2761 dmi-

135 2797 200 2862 λων
210 2789 454 2882 ἐρῑγιιιζομένων,
470 2786 530 2857 otitt
543 2786 726 2882 {alb'athpow
740 2793 781 2860 cri
792 2789 823 2860 δ’
835 2791 874 2874 ἐξ
882 2789 1087 2882 ἀμφοτέρων,
1097 2791 1199 2862 eabba
1208 2793 1298 2882 ireo-

135 2903 263 2983 ymircu,
278 2889 425 2980 provenda.
454 2895 595 2962 laturonii
610 2899 849 2980 supplementum
865 2895 1064 2984 ποριστικῆς
1078 2899 1184 2962 merito
1196 2900 1299 2963 Gont-

135 3001 242 3082 lingius
257 2998 382 3079 respuits
397 2997 461 3077 ipse
476 2995 667 3086 πωλῃικῆς
681 2999 846 3082 proposuit,
861 3000 1009 3082 aliquanto
1021 3010 1098 3064 certe
1110 3001 1300 3083 probabilius.

136 3103 193 3165 Sed
209 3099 332 3165 ollendit
346 3107 506 3163 metanoea
521 3100 652 3164 nonnihil
665 3101 837 3184 asyndeton,
848 3102 928 3182 quod
940 3102 1011 3166 mihi
1023 3103 1301 3184 perincommodum

135 3216 166 3268 et
179 3223 195 3266 a
207 3200 370 3266 Philodemi
384 3219 452 3275 usu,
466 3211 607 3283 quantum
620 3201 737 3284 quidem
749 3221 784 3266 ex
795 3202 843 3265 bis
854 3203 1027 3282 fragmentis
1038 3205 1178 3284 cognosci
1194 3215 1302 3286 potest,

136 3305 263 3372 alienum
279 3321 345 3366 esse
360 3300 482 3367 ridetur.
512 3303 594 3368 llanc
609 3303 648 3368 ob
662 3321 780 3368 causam
797 3322 858 3367 uon
871 3298 912 3367 sd
929 3300 990 3369 dari
1004 3324 1053 3368 πο
1066 3339 1125 3384 -,
1141 3299 1300 3371 sederitis*
1317 3315 1352 3370 ³³

138 3399 210 3472 aiud
229 3403 386 3487 legendum
405 3423 473 3468 esse
491 3405 632 3482 arbitror3
651 3406 688 3470 ds
707 3405 829 3469 nomine
842 3415 940 3470 autem
957 3409 1124 3490 supplendo
1143 3409 1304 3491 quominus

138 3517 202 3572 tuto
213 3506 317 3570 coniici
329 3504 433 3588 possit,
447 3505 545 3570 obstat
556 3507 720 3588 corruptela
735 3507 765 3570 in
781 3509 946 3590 praedicato
962 3502 1186 3596 oris-sadqqos.
1216 3511 1305 3575 l’riu·

138 3627 187 3673 res
207 3607 349 3681 editores,
369 3624 460 3688 qurum
487 3599 641 3694 ἄκληροι
658 3609 835 3686 scriberent,
855 3611 914 3675 hoc
926 3611 995 3692 quid
1017 3611 1179 3694 significare
1199 3613 1304 3676 sellem

139 3729 201 3774 non
215 3710 389 3783 docuerunt,
404 3707 462 3770 nisi
477 3709 553 3772 lorte
567 3709 734 3790 Goettliogii
749 3710 925 3774 sententiam
940 3731 976 3775 ea
990 3713 1136 3795 appositis
1150 3713 1187 3777 ab
1199 3733 1236 3777 eo
1246 3713 1304 3777 Ga·

138 3813 218 3878 tonis
237 3811 334 3877 verbis
355 3809 490 3893 colligere
509 3809 584 3886 licet,
604 3810 642 3875 ds
665 3811 700 3874 ll.
726 3807 761 3874 li.
781 3829 846 3894 cap.
864 3812 896 3876 lc
915 3824 958 3877 cst
979 3815 1128 3878 interdatur
1147 3826 1304 3898 praestare

212 4105 251 4171 lb)
269 4105 306 4160 lle
318 4104 389 4159 theta
401 4105 435 4160 ci.
449 4107 576 4162 Plutarch.
589 4107 613 4161 ia
625 4107 658 4162 si.
671 4107 716 4162 vlt
729 4125 752 4162 c.
763 4106 780 4160 3
791 4116 819 4161 st
833 4107 878 4172 ll,
895 4115 922 4162 et
938 4123 1019 4178 caup.
1035 4107 1092 4163 Nic.
1109 4125 1132 4164 c.
1144 4109 1230 4164 censs
1241 4127 1266 4166 c.
1280 4112 1305 4165 i.

141 4192 238 4262 Scopas
250 4198 279 4244 ut
289 4191 375 4244 divitis
387 4199 416 4245 st
426 4191 550 4260 ugaiflei
562 4209 611 4246 aon
623 4209 682 4247 raro
693 4195 786 4248 nertio
800 4195 840 4248 llts
852 4195 898 4248 set
911 4194 1034 4249 incertum
1047 4195 1209 4267 plerunque,
1220 4205 1305 4252 ulra·

141 4278 269 4346 antiquior
280 4277 460 4342 intelligendus
471 4278 513 4341 ait,
526 4279 660 4332 stne-tut·
671 4279 792 4348 aequalia,
803 4295 835 4332 aa
847 4279 936 4350 atnoe,
948 4281 990 4350 qai
999 4281 1062 4335 circ.
1070 4283 1122 4335 400
1133 4299 1149 4336 a
1162 4281 1223 4339 Chr.
1231 4285 1305 4338 visit.

142 4359 182 4414 ct.
193 4359 309 4414 Perisse.
319 4361 352 4412 ad
364 4359 419 4413 hel.
430 4359 462 4414 V.
474 4359 505 4414 ll.
518 4359 575 4428 xtt,
589 4363 600 4415 l
615 4379 640 4432 p.
655 4363 700 4416 lll
714 4365 754 4417 sd.
766 4361 848 4417 tauta
883 4365 970 4433 sputu
987 4367 1020 4420 ad
1036 4367 1143 4437 Qsishl.
1160 4367 1208 4437 xt,
1224 4369 1306 4439 2,Ιὶ

144 4443 251 4496 mett.
262 4445 294 4497 ad
306 4442 380 4497 rtur.
391 4443 466 4513 l’ptb.
477 4443 547 4513 expl.
558 4462 583 4514 p.
592 4445 653 4499 ³⁴⁴.
