<?xml version="1.0" encoding="UTF-8"?>
<!DOCTYPE html PUBLIC "-//W3C//DTD XHTML 1.0 Transitional//EN"
    "http://www.w3.org/TR/xhtml1/DTD/xhtml1-transitional.dtd">
<html xmlns="http://www.w3.org/1999/xhtml" xml:lang="en" lang="en">
 <head>
  <title>
</title>
<meta http-equiv="Content-Type" content="text/html;charset=utf-8" />
  <meta name='ocr-system' content='tesseract 3.04.00' />
  <meta name='ocr-capabilities' content='ocr_page ocr_carea ocr_par ocr_line ocrx_word'/>
</head>
<body>
  <div class='ocr_page' id='page_1' title='image "./opusculaacademi01schgoog_0036.png"; bbox 0 0 3106 4958; ppageno 0'>
   <div class='ocr_carea' id='block_1_1' title="bbox 683 443 884 543">
    <p class='ocr_par' dir='ltr' id='par_1_1' title="bbox 683 443 884 543">
     <span class='ocr_line' id='line_1_1' title="bbox 683 443 884 543; baseline 0.02 -5"><span class='ocrx_word' id='word_1_1' title='bbox 683 443 884 543; x_wconf 68' lang='lat'><strong>.......²„⁴..</strong></span> 
     </span>
    </p>
   </div>
   <div class='ocr_carea' id='block_1_2' title="bbox 194 631 1491 1952">
    <p class='ocr_par' dir='ltr' id='par_1_2' title="bbox 194 631 1491 1746">
     <span class='ocr_line' id='line_1_2' title="bbox 195 631 1367 724; baseline -0.003 -21"><span class='ocrx_word' id='word_1_2' title='bbox 195 651 268 724; x_wconf 87' lang='lat' dir='ltr'><strong>post</strong></span> <span class='ocrx_word' id='word_1_3' title='bbox 291 639 419 722; x_wconf 88' lang='lat' dir='ltr'><strong>primam</strong></span> <span class='ocrx_word' id='word_1_4' title='bbox 446 634 507 696; x_wconf 87' lang='lat' dir='ltr'><strong>valli</strong></span> <span class='ocrx_word' id='word_1_5' title='bbox 537 631 785 715; x_wconf 82' lang='lat' dir='ltr'><strong>expugnationem</strong></span> <span class='ocrx_word' id='word_1_6' title='bbox 812 643 894 715; x_wconf 76' lang='lat' dir='ltr'><strong>gesta</strong></span> <span class='ocrx_word' id='word_1_7' title='bbox 920 644 1089 712; x_wconf 86' lang='lat' dir='ltr'><strong>narrantur,</strong></span> <span class='ocrx_word' id='word_1_8' title='bbox 1114 635 1240 720; x_wconf 75' lang='lat' dir='ltr'>Neptuni</span> <span class='ocrx_word' id='word_1_9' title='bbox 1267 655 1367 720; x_wconf 87' lang='lat' dir='ltr'><strong>opera,</strong></span> 
     </span>
     <span class='ocr_line' id='line_1_3' title="bbox 195 735 1366 816; baseline -0.002 -10"><span class='ocrx_word' id='word_1_10' title='bbox 195 739 319 805; x_wconf 86' lang='lat' dir='ltr'><strong>lunonis</strong></span> <span class='ocrx_word' id='word_1_11' title='bbox 338 737 425 800; x_wconf 84' lang='lat' dir='ltr'><strong>riolos</strong></span> <span class='ocrx_word' id='word_1_12' title='bbox 445 745 474 800; x_wconf 87' lang='lat' dir='ltr'><strong>et</strong></span> <span class='ocrx_word' id='word_1_13' title='bbox 493 755 560 800; x_wconf 87' lang='lat' dir='ltr'><strong>eum</strong></span> <span class='ocrx_word' id='word_1_14' title='bbox 582 735 650 798; x_wconf 82' lang='lat' dir='ltr'><strong>love</strong></span> <span class='ocrx_word' id='word_1_15' title='bbox 670 735 858 810; x_wconf 80' lang='lat' dir='ltr'><strong>concubitus,</strong></span> <span class='ocrx_word' id='word_1_16' title='bbox 879 739 967 803; x_wconf 89' lang='lat' dir='ltr'><strong>buius</strong></span> <span class='ocrx_word' id='word_1_17' title='bbox 986 756 1126 816; x_wconf 79' lang='lat' dir='ltr'><strong>somnus,</strong></span> <span class='ocrx_word' id='word_1_18' title='bbox 1147 739 1281 804; x_wconf 75' lang='lat' dir='ltr'><strong>Hectoris</strong></span> <span class='ocrx_word' id='word_1_19' title='bbox 1303 740 1366 804; x_wconf 81' lang='lat' dir='ltr'><strong>vau-</strong></span> 
     </span>
     <span class='ocr_line' id='line_1_4' title="bbox 195 831 1491 923; baseline -0.002 -16"><span class='ocrx_word' id='word_1_20' title='bbox 195 842 322 916; x_wconf 81' lang='lat' dir='ltr'><strong>neratio,</strong></span> <span class='ocrx_word' id='word_1_21' title='bbox 345 831 512 918; x_wconf 79' lang='grc' dir='ltr'><strong><em>παλίωξις</em></strong></span> <span class='ocrx_word' id='word_1_22' title='bbox 530 839 726 908; x_wconf 82' lang='lat' dir='ltr'><strong>Graecorum,</strong></span> <span class='ocrx_word' id='word_1_23' title='bbox 748 838 824 902; x_wconf 84' lang='lat' dir='ltr'><strong>lovis</strong></span> <span class='ocrx_word' id='word_1_24' title='bbox 849 841 1042 923; x_wconf 74' lang='lat' dir='ltr'><strong>expergefacti</strong></span> <span class='ocrx_word' id='word_1_25' title='bbox 1062 843 1213 918; x_wconf 82' lang='lat' dir='ltr'><strong>mandate,</strong></span> <span class='ocrx_word' id='word_1_26' title='bbox 1232 841 1366 906; x_wconf 84' lang='lat' dir='ltr'><strong>ilectoris</strong></span> <span class='ocrx_word' id='word_1_27' title='bbox 1489 836 1491 846; x_wconf 78' lang='grc'>’</span> 
     </span>
     <span class='ocr_line' id='line_1_5' title="bbox 194 939 1366 1026; baseline 0 -18"><span class='ocrx_word' id='word_1_28' title='bbox 194 943 359 1018; x_wconf 74' lang='lat' dir='ltr'><strong>restitutio,</strong></span> <span class='ocrx_word' id='word_1_29' title='bbox 373 941 546 1006; x_wconf 70' lang='lat' dir='ltr'><strong>instauratio</strong></span> <span class='ocrx_word' id='word_1_30' title='bbox 566 939 686 1022; x_wconf 90' lang='lat' dir='ltr'><strong>proelii,</strong></span> <span class='ocrx_word' id='word_1_31' title='bbox 706 941 794 1004; x_wconf 87' lang='lat' dir='ltr'><strong>altera</strong></span> <span class='ocrx_word' id='word_1_32' title='bbox 816 943 940 1026; x_wconf 81' lang='lat' dir='ltr'><strong>irruptio</strong></span> <span class='ocrx_word' id='word_1_33' title='bbox 961 954 1141 1020; x_wconf 87' lang='lat' dir='ltr'><strong>castrorum,</strong></span> <span class='ocrx_word' id='word_1_34' title='bbox 1162 944 1208 1007; x_wconf 92' lang='lat' dir='ltr'><strong>bis</strong></span> <span class='ocrx_word' id='word_1_35' title='bbox 1228 945 1366 1008; x_wconf 87' lang='lat' dir='ltr'><strong>omnibus</strong></span> 
     </span>
     <span class='ocr_line' id='line_1_6' title="bbox 196 1042 1365 1131; baseline -0.001 -18"><span class='ocrx_word' id='word_1_36' title='bbox 196 1047 378 1131; x_wconf 89' lang='lat' dir='ltr'><strong>aliquantum</strong></span> <span class='ocrx_word' id='word_1_37' title='bbox 398 1055 474 1110; x_wconf 83' lang='lat' dir='ltr'><strong>eene</strong></span> <span class='ocrx_word' id='word_1_38' title='bbox 496 1042 639 1128; x_wconf 83' lang='lat' dir='ltr'><strong>terraporis</strong></span> <span class='ocrx_word' id='word_1_39' title='bbox 658 1043 795 1106; x_wconf 79' lang='lat' dir='ltr'><strong>consumi</strong></span> <span class='ocrx_word' id='word_1_40' title='bbox 816 1063 938 1110; x_wconf 84' lang='lat' dir='ltr'><strong>neeesse</strong></span> <span class='ocrx_word' id='word_1_41' title='bbox 957 1057 1034 1122; x_wconf 88' lang='lat' dir='ltr'><strong>erat,</strong></span> <span class='ocrx_word' id='word_1_42' title='bbox 1057 1046 1145 1130; x_wconf 87' lang='lat' dir='ltr'><strong>idque</strong></span> <span class='ocrx_word' id='word_1_43' title='bbox 1160 1057 1272 1112; x_wconf 89' lang='lat' dir='ltr'><strong>tantum</strong></span> <span class='ocrx_word' id='word_1_44' title='bbox 1288 1048 1365 1112; x_wconf 77' lang='lat' dir='ltr'><strong>bauti</strong></span> 
     </span>
     <span class='ocr_line' id='line_1_7' title="bbox 196 1145 1367 1234; baseline 0 -19"><span class='ocrx_word' id='word_1_45' title='bbox 196 1149 301 1226; x_wconf 84' lang='lat' dir='ltr'><strong>dabie,</strong></span> <span class='ocrx_word' id='word_1_46' title='bbox 322 1159 369 1223; x_wconf 91' lang='lat' dir='ltr'><strong>ut,</strong></span> <span class='ocrx_word' id='word_1_47' title='bbox 394 1149 419 1213; x_wconf 86' lang='lat' dir='ltr'><strong>si</strong></span> <span class='ocrx_word' id='word_1_48' title='bbox 438 1149 604 1230; x_wconf 84' lang='lat' dir='ltr'><strong>posthanc</strong></span> <span class='ocrx_word' id='word_1_49' title='bbox 622 1145 742 1210; x_wconf 88' lang='lat' dir='ltr'><strong>aiteram</strong></span> <span class='ocrx_word' id='word_1_50' title='bbox 769 1148 889 1212; x_wconf 80' lang='lat' dir='ltr'><strong>‹lemuru</strong></span> <span class='ocrx_word' id='word_1_51' title='bbox 909 1161 1074 1214; x_wconf 89' lang='lat' dir='ltr'><strong>castrorum</strong></span> <span class='ocrx_word' id='word_1_52' title='bbox 1096 1150 1290 1234; x_wconf 88' lang='lat' dir='ltr'><strong>irruptionem</strong></span> <span class='ocrx_word' id='word_1_53' title='bbox 1310 1151 1367 1215; x_wconf 81' lang='lat' dir='ltr'><strong>l‘a-</strong></span> 
     </span>
     <span class='ocr_line' id='line_1_8' title="bbox 198 1250 1367 1337; baseline 0.001 -19"><span class='ocrx_word' id='word_1_54' title='bbox 198 1254 311 1318; x_wconf 79' lang='lat' dir='ltr'><strong>troclus</strong></span> <span class='ocrx_word' id='word_1_55' title='bbox 331 1251 466 1318; x_wconf 90' lang='lat' dir='ltr'><strong>bostibus</strong></span> <span class='ocrx_word' id='word_1_56' title='bbox 486 1250 603 1314; x_wconf 84' lang='lat' dir='ltr'><strong>obviam</strong></span> <span class='ocrx_word' id='word_1_57' title='bbox 623 1251 775 1332; x_wconf 80' lang='lat' dir='ltr'><strong>prolaetus</strong></span> <span class='ocrx_word' id='word_1_58' title='bbox 795 1262 888 1326; x_wconf 83' lang='lat' dir='ltr'><strong>osset,</strong></span> <span class='ocrx_word' id='word_1_59' title='bbox 915 1273 931 1317; x_wconf 90' lang='lat' dir='ltr'><strong>a</strong></span> <span class='ocrx_word' id='word_1_60' title='bbox 951 1272 1026 1318; x_wconf 89' lang='lat' dir='ltr'><strong>sano</strong></span> <span class='ocrx_word' id='word_1_61' title='bbox 1045 1254 1150 1336; x_wconf 87' lang='lat' dir='ltr'><strong>suique</strong></span> <span class='ocrx_word' id='word_1_62' title='bbox 1176 1254 1270 1337; x_wconf 89' lang='lat' dir='ltr'><strong>ipsius</strong></span> <span class='ocrx_word' id='word_1_63' title='bbox 1291 1255 1367 1319; x_wconf 79' lang='lat' dir='ltr'><strong>isauri</strong></span> 
     </span>
     <span class='ocr_line' id='line_1_9' title="bbox 199 1353 1369 1440; baseline -0.001 -19"><span class='ocrx_word' id='word_1_64' title='bbox 199 1357 293 1422; x_wconf 89' lang='lat' dir='ltr'><strong>oblito</strong></span> <span class='ocrx_word' id='word_1_65' title='bbox 314 1367 400 1440; x_wconf 87' lang='lat' dir='ltr'><strong>poeta</strong></span> <span class='ocrx_word' id='word_1_66' title='bbox 420 1355 507 1419; x_wconf 87' lang='lat' dir='ltr'><strong>buius</strong></span> <span class='ocrx_word' id='word_1_67' title='bbox 527 1372 646 1436; x_wconf 87' lang='lat' dir='ltr'><strong>quoque</strong></span> <span class='ocrx_word' id='word_1_68' title='bbox 666 1353 812 1436; x_wconf 89' lang='lat' dir='ltr'><strong>proelium</strong></span> <span class='ocrx_word' id='word_1_69' title='bbox 833 1354 863 1419; x_wconf 90' lang='lat' dir='ltr'><strong>in</strong></span> <span class='ocrx_word' id='word_1_70' title='bbox 884 1355 1078 1421; x_wconf 80' lang='lat' dir='ltr'><strong>naerisiiauum</strong></span> <span class='ocrx_word' id='word_1_71' title='bbox 1099 1365 1216 1439; x_wconf 88' lang='lat' dir='ltr'><strong>tempus</strong></span> <span class='ocrx_word' id='word_1_72' title='bbox 1242 1357 1369 1422; x_wconf 81' lang='lat' dir='ltr'><strong>ooniemi</strong></span> 
     </span>
     <span class='ocr_line' id='line_1_10' title="bbox 200 1456 1367 1542; baseline -0.002 -18"><span class='ocrx_word' id='word_1_73' title='bbox 200 1463 280 1526; x_wconf 86' lang='lat' dir='ltr'><strong>nubo</strong></span> <span class='ocrx_word' id='word_1_74' title='bbox 301 1461 391 1523; x_wconf 81' lang='lat' dir='ltr'><strong>morlo</strong></span> <span class='ocrx_word' id='word_1_75' title='bbox 416 1459 571 1542; x_wconf 88' lang='lat' dir='ltr'><strong>potuisset.</strong></span> <span class='ocrx_word' id='word_1_76' title='bbox 620 1456 670 1520; x_wconf 84' lang='lat' dir='ltr'><strong>Sic</strong></span> <span class='ocrx_word' id='word_1_77' title='bbox 688 1467 734 1520; x_wconf 86' lang='lat' dir='ltr'><strong>est</strong></span> <span class='ocrx_word' id='word_1_78' title='bbox 752 1460 901 1540; x_wconf 87' lang='lat' dir='ltr'><strong>proiecto,</strong></span> <span class='ocrx_word' id='word_1_79' title='bbox 925 1469 958 1523; x_wconf 87' lang='lat' dir='ltr'><strong>ut</strong></span> <span class='ocrx_word' id='word_1_80' title='bbox 977 1459 1051 1524; x_wconf 78' lang='lat' dir='ltr'><strong>elixi:</strong></span> <span class='ocrx_word' id='word_1_81' title='bbox 1071 1460 1121 1541; x_wconf 95' lang='lat' dir='ltr'><strong>qui</strong></span> <span class='ocrx_word' id='word_1_82' title='bbox 1141 1459 1201 1536; x_wconf 79' lang='lat' dir='ltr'><strong>xv,</strong></span> <span class='ocrx_word' id='word_1_83' title='bbox 1220 1459 1283 1524; x_wconf 79' lang='lat'><strong>390</strong></span> <span class='ocrx_word' id='word_1_84' title='bbox 1304 1479 1367 1542; x_wconf 92' lang='lat' dir='ltr'><strong>sqq.</strong></span> 
     </span>
     <span class='ocr_line' id='line_1_11' title="bbox 200 1555 1469 1647; baseline -0.002 -20"><span class='ocrx_word' id='word_1_85' title='bbox 200 1564 302 1647; x_wconf 79' lang='lat' dir='ltr'><strong>legerit</strong></span> <span class='ocrx_word' id='word_1_86' title='bbox 322 1572 351 1627; x_wconf 88' lang='lat' dir='ltr'><strong>et</strong></span> <span class='ocrx_word' id='word_1_87' title='bbox 370 1581 436 1626; x_wconf 83' lang='lat' dir='ltr'><strong>eum</strong></span> <span class='ocrx_word' id='word_1_88' title='bbox 457 1560 534 1625; x_wconf 86' lang='lat' dir='ltr'><strong>exitu</strong></span> <span class='ocrx_word' id='word_1_89' title='bbox 560 1559 625 1624; x_wconf 90' lang='lat' dir='ltr'><strong>libri</strong></span> <span class='ocrx_word' id='word_1_90' title='bbox 646 1559 698 1622; x_wconf 80' lang='lat' dir='ltr'><strong>xit</strong></span> <span class='ocrx_word' id='word_1_91' title='bbox 718 1562 887 1636; x_wconf 81' lang='lat' dir='ltr'><strong>contulerit,</strong></span> <span class='ocrx_word' id='word_1_92' title='bbox 908 1562 988 1626; x_wconf 81' lang='lat' dir='ltr'><strong>coire</strong></span> <span class='ocrx_word' id='word_1_93' title='bbox 1008 1563 1080 1626; x_wconf 87' lang='lat' dir='ltr'><strong>baee</strong></span> <span class='ocrx_word' id='word_1_94' title='bbox 1098 1561 1174 1626; x_wconf 87' lang='lat' dir='ltr'><strong>inter</strong></span> <span class='ocrx_word' id='word_1_95' title='bbox 1191 1581 1224 1626; x_wconf 90' lang='lat' dir='ltr'><strong>se</strong></span> <span class='ocrx_word' id='word_1_96' title='bbox 1243 1580 1369 1643; x_wconf 87' lang='lat' dir='ltr'><strong>prorsus</strong></span> <span class='ocrx_word' id='word_1_97' title='bbox 1468 1555 1469 1560; x_wconf 66' lang='grc'>’</span> 
     </span>
     <span class='ocr_line' id='line_1_12' title="bbox 199 1663 1369 1746; baseline 0.005 -20"><span class='ocrx_word' id='word_1_98' title='bbox 199 1676 267 1746; x_wconf 85' lang='lat' dir='ltr'><strong>apte</strong></span> <span class='ocrx_word' id='word_1_99' title='bbox 281 1663 432 1738; x_wconf 74' lang='lat' dir='ltr'><strong>fatebitur,</strong></span> <span class='ocrx_word' id='word_1_100' title='bbox 452 1682 548 1745; x_wconf 86' lang='lat' dir='ltr'><strong>noque</strong></span> <span class='ocrx_word' id='word_1_101' title='bbox 563 1663 721 1739; x_wconf 82' lang='lat' dir='ltr'><strong>damnum,</strong></span> <span class='ocrx_word' id='word_1_102' title='bbox 742 1665 794 1727; x_wconf 79' lang='lat' dir='ltr'><strong>seul</strong></span> <span class='ocrx_word' id='word_1_103' title='bbox 816 1664 928 1728; x_wconf 83' lang='lat' dir='ltr'><strong>lucrum</strong></span> <span class='ocrx_word' id='word_1_104' title='bbox 945 1663 1008 1728; x_wconf 83' lang='lat' dir='ltr'><strong>sieri</strong></span> <span class='ocrx_word' id='word_1_105' title='bbox 1029 1664 1135 1727; x_wconf 89' lang='lat' dir='ltr'><strong>sentiet</strong></span> <span class='ocrx_word' id='word_1_106' title='bbox 1148 1665 1289 1728; x_wconf 84' lang='lat' dir='ltr'><strong>uniuibus</strong></span> <span class='ocrx_word' id='word_1_107' title='bbox 1305 1666 1369 1732; x_wconf 85' lang='lat' dir='ltr'><strong>iliis.</strong></span> 
     </span>
    </p>

    <p class='ocr_par' dir='ltr' id='par_1_3' title="bbox 201 1765 1370 1952">
     <span class='ocr_line' id='line_1_13' title="bbox 201 1765 1370 1850; baseline 0.003 -23"><span class='ocrx_word' id='word_1_108' title='bbox 201 1786 275 1850; x_wconf 68' lang='lat' dir='ltr'><strong>«puae</strong></span> <span class='ocrx_word' id='word_1_109' title='bbox 293 1785 373 1831; x_wconf 87' lang='lat' dir='ltr'><strong>nune</strong></span> <span class='ocrx_word' id='word_1_110' title='bbox 397 1767 552 1830; x_wconf 77' lang='lat' dir='ltr'><strong>intertexta</strong></span> <span class='ocrx_word' id='word_1_111' title='bbox 577 1776 662 1842; x_wconf 90' lang='lat' dir='ltr'><strong>sunt,</strong></span> <span class='ocrx_word' id='word_1_112' title='bbox 688 1765 819 1830; x_wconf 79' lang='lat' dir='ltr'><strong>resectis.</strong></span> <span class='ocrx_word' id='word_1_113' title='bbox 872 1769 1058 1850; x_wconf 79' lang='lat' dir='ltr'><strong>Quamquam</strong></span> <span class='ocrx_word' id='word_1_114' title='bbox 1085 1768 1122 1830; x_wconf 81' lang='lat' dir='ltr'><strong>tie</strong></span> <span class='ocrx_word' id='word_1_115' title='bbox 1151 1767 1260 1830; x_wconf 88' lang='lat' dir='ltr'><strong>damno</strong></span> <span class='ocrx_word' id='word_1_116' title='bbox 1287 1769 1370 1832; x_wconf 83' lang='lat' dir='ltr'><strong>alitur·</strong></span> 
     </span>
     <span class='ocr_line' id='line_1_14' title="bbox 202 1868 1369 1952; baseline 0 -18"><span class='ocrx_word' id='word_1_117' title='bbox 202 1868 320 1934; x_wconf 84' lang='lat' dir='ltr'><strong>iudicari</strong></span> <span class='ocrx_word' id='word_1_118' title='bbox 339 1890 356 1933; x_wconf 88' lang='lat' dir='ltr'><strong>a</strong></span> <span class='ocrx_word' id='word_1_119' title='bbox 377 1869 438 1934; x_wconf 82' lang='lat' dir='ltr'><strong>viro</strong></span> <span class='ocrx_word' id='word_1_120' title='bbox 459 1869 633 1934; x_wconf 74' lang='lat' dir='ltr'><strong>(laetissimo</strong></span> <span class='ocrx_word' id='word_1_121' title='bbox 656 1869 739 1932; x_wconf 83' lang='lat' dir='ltr'><strong>video</strong></span> <span class='ocrx_word' id='word_1_122' title='bbox 760 1890 788 1952; x_wconf 89' lang='lat' dir='ltr'><strong>p.</strong></span> <span class='ocrx_word' id='word_1_123' title='bbox 805 1869 877 1933; x_wconf 80' lang='lat' dir='ltr'><strong>tlt.</strong></span> <span class='ocrx_word' id='word_1_124' title='bbox 922 1871 951 1934; x_wconf 88' lang='lat' dir='ltr'><strong>is</strong></span> <span class='ocrx_word' id='word_1_125' title='bbox 972 1871 1052 1934; x_wconf 90' lang='lat' dir='ltr'><strong>enim</strong></span> <span class='ocrx_word' id='word_1_126' title='bbox 1072 1888 1134 1934; x_wconf 88' lang='lat' dir='ltr'><strong>uun</strong></span> <span class='ocrx_word' id='word_1_127' title='bbox 1154 1869 1369 1936; x_wconf 78' lang='lat' dir='ltr'><strong>satisfacturum</strong></span> 
     </span>
    </p>
   </div>
   <div class='ocr_carea' id='block_1_3' title="bbox 51 1973 1372 2466">
    <p class='ocr_par' dir='ltr' id='par_1_4' title="bbox 203 1973 1372 2160">
     <span class='ocr_line' id='line_1_15' title="bbox 203 1973 1372 2057; baseline 0.002 -21"><span class='ocrx_word' id='word_1_128' title='bbox 203 1974 310 2057; x_wconf 86' lang='lat' dir='ltr'><strong>absque</strong></span> <span class='ocrx_word' id='word_1_129' title='bbox 339 1974 396 2039; x_wconf 87' lang='lat' dir='ltr'><strong>iliis</strong></span> <span class='ocrx_word' id='word_1_130' title='bbox 418 1973 581 2039; x_wconf 87' lang='lat' dir='ltr'><strong>ilumeruau</strong></span> <span class='ocrx_word' id='word_1_131' title='bbox 613 1973 704 2037; x_wconf 76' lang='lat' dir='ltr'><strong>iuuisse</strong></span> <span class='ocrx_word' id='word_1_132' title='bbox 736 1983 820 2057; x_wconf 79' lang='lat' dir='ltr'><strong>pruriat</strong></span> <span class='ocrx_word' id='word_1_133' title='bbox 846 1973 1033 2056; x_wconf 88' lang='lat' dir='ltr'><strong>popularium</strong></span> <span class='ocrx_word' id='word_1_134' title='bbox 1059 1992 1181 2037; x_wconf 82' lang='lat' dir='ltr'><strong>suonam</strong></span> <span class='ocrx_word' id='word_1_135' title='bbox 1212 1974 1316 2037; x_wconf 87' lang='lat' dir='ltr'><strong>studiis</strong></span> <span class='ocrx_word' id='word_1_136' title='bbox 1343 1987 1372 2038; x_wconf 80' lang='lat' dir='ltr'><strong>et</strong></span> 
     </span>
     <span class='ocr_line' id='line_1_16' title="bbox 204 2076 1370 2160; baseline 0 -20"><span class='ocrx_word' id='word_1_137' title='bbox 204 2077 412 2159; x_wconf 82' lang='lat' dir='ltr'><strong>expectationi,</strong></span> <span class='ocrx_word' id='word_1_138' title='bbox 431 2096 561 2160; x_wconf 85' lang='lat' dir='ltr'><strong>quorum</strong></span> <span class='ocrx_word' id='word_1_139' title='bbox 582 2086 660 2140; x_wconf 84' lang='lat' dir='ltr'><strong>tarata</strong></span> <span class='ocrx_word' id='word_1_140' title='bbox 681 2077 768 2139; x_wconf 79' lang='lat' dir='ltr'><strong>iuuerit</strong></span> <span class='ocrx_word' id='word_1_141' title='bbox 787 2077 823 2139; x_wconf 81' lang='lat' dir='ltr'><strong>rie</strong></span> <span class='ocrx_word' id='word_1_142' title='bbox 838 2077 961 2141; x_wconf 87' lang='lat' dir='ltr'><strong>beroam</strong></span> <span class='ocrx_word' id='word_1_143' title='bbox 978 2095 1101 2140; x_wconf 83' lang='lat' dir='ltr'><strong>suonam</strong></span> <span class='ocrx_word' id='word_1_144' title='bbox 1119 2076 1223 2140; x_wconf 82' lang='lat' dir='ltr'><strong>virtute</strong></span> <span class='ocrx_word' id='word_1_145' title='bbox 1237 2097 1271 2140; x_wconf 87' lang='lat' dir='ltr'><strong>ao</strong></span> <span class='ocrx_word' id='word_1_146' title='bbox 1286 2077 1370 2140; x_wconf 85' lang='lat' dir='ltr'><strong>lorti·</strong></span> 
     </span>
    </p>

    <p class='ocr_par' dir='ltr' id='par_1_5' title="bbox 207 2179 1370 2262">
     <span class='ocr_line' id='line_1_17' title="bbox 207 2179 1370 2262; baseline 0 -20"><span class='ocrx_word' id='word_1_147' title='bbox 207 2180 303 2243; x_wconf 79' lang='lat' dir='ltr'><strong>tardius</strong></span> <span class='ocrx_word' id='word_1_148' title='bbox 317 2179 433 2262; x_wconf 88' lang='lat' dir='ltr'><strong>opinio,</strong></span> <span class='ocrx_word' id='word_1_149' title='bbox 454 2188 571 2260; x_wconf 85' lang='lat' dir='ltr'><strong>umque</strong></span> <span class='ocrx_word' id='word_1_150' title='bbox 592 2191 671 2243; x_wconf 85' lang='lat' dir='ltr'><strong>oerta</strong></span> <span class='ocrx_word' id='word_1_151' title='bbox 692 2179 728 2242; x_wconf 80' lang='lat' dir='ltr'><strong>eie</strong></span> <span class='ocrx_word' id='word_1_152' title='bbox 744 2198 864 2242; x_wconf 90' lang='lat' dir='ltr'><strong>summo</strong></span> <span class='ocrx_word' id='word_1_153' title='bbox 880 2179 1005 2242; x_wconf 83' lang='lat' dir='ltr'><strong>deorum</strong></span> <span class='ocrx_word' id='word_1_154' title='bbox 1021 2197 1089 2259; x_wconf 78' lang='lat' dir='ltr'><strong>erga</strong></span> <span class='ocrx_word' id='word_1_155' title='bbox 1103 2179 1169 2242; x_wconf 89' lang='lat' dir='ltr'><strong>ilius</strong></span> <span class='ocrx_word' id='word_1_156' title='bbox 1190 2181 1287 2242; x_wconf 83' lang='lat' dir='ltr'><strong>latore</strong></span> <span class='ocrx_word' id='word_1_157' title='bbox 1303 2199 1370 2260; x_wconf 87' lang='lat' dir='ltr'><strong>per·</strong></span> 
     </span>
    </p>

    <p class='ocr_par' dir='ltr' id='par_1_6' title="bbox 51 2280 1372 2466">
     <span class='ocr_line' id='line_1_18' title="bbox 51 2280 1371 2368; baseline 0 -24"><span class='ocrx_word' id='word_1_158' title='bbox 51 2363 53 2368; x_wconf 23' lang='grc' dir='ltr'>Ι</span> <span class='ocrx_word' id='word_1_159' title='bbox 206 2281 311 2356; x_wconf 80' lang='lat' dir='ltr'><strong>suasio,</strong></span> <span class='ocrx_word' id='word_1_160' title='bbox 327 2293 360 2345; x_wconf 94' lang='lat' dir='ltr'><strong>ut</strong></span> <span class='ocrx_word' id='word_1_161' title='bbox 369 2299 455 2362; x_wconf 81' lang='lat' dir='ltr'><strong>aegre</strong></span> <span class='ocrx_word' id='word_1_162' title='bbox 466 2281 552 2344; x_wconf 85' lang='lat' dir='ltr'><strong>laturi</strong></span> <span class='ocrx_word' id='word_1_163' title='bbox 565 2282 690 2344; x_wconf 86' lang='lat' dir='ltr'><strong>luissent</strong></span> <span class='ocrx_word' id='word_1_164' title='bbox 705 2291 764 2344; x_wconf 86' lang='lat' dir='ltr'><strong>tam</strong></span> <span class='ocrx_word' id='word_1_165' title='bbox 780 2281 945 2362; x_wconf 86' lang='lat' dir='ltr'><strong>simpliuoua</strong></span> <span class='ocrx_word' id='word_1_166' title='bbox 960 2280 1063 2364; x_wconf 85' lang='lat' dir='ltr'><strong>proelii</strong></span> <span class='ocrx_word' id='word_1_167' title='bbox 1076 2291 1210 2345; x_wconf 83' lang='lat' dir='ltr'><strong>eventum</strong></span> <span class='ocrx_word' id='word_1_168' title='bbox 1224 2299 1371 2363; x_wconf 86' lang='lat' dir='ltr'><strong>uuaruquu</strong></span> 
     </span>
     <span class='ocr_line' id='line_1_19' title="bbox 157 2383 1372 2466; baseline -0.003 -18"><span class='ocrx_word' id='word_1_169' title='bbox 157 2393 192 2448; x_wconf 70' lang='lat' dir='ltr'><strong>ati</strong></span> <span class='ocrx_word' id='word_1_170' title='bbox 209 2395 369 2448; x_wconf 79' lang='lat' dir='ltr'><strong>saeuorum</strong></span> <span class='ocrx_word' id='word_1_171' title='bbox 390 2383 646 2466; x_wconf 80' lang='lat' dir='ltr'><strong>expiuqnatiouem.</strong></span> <span class='ocrx_word' id='word_1_172' title='bbox 691 2383 817 2447; x_wconf 84' lang='lat' dir='ltr'><strong>Neoesse</strong></span> <span class='ocrx_word' id='word_1_173' title='bbox 836 2383 924 2466; x_wconf 78' lang='lat' dir='ltr'><strong>igitur</strong></span> <span class='ocrx_word' id='word_1_174' title='bbox 943 2384 1035 2446; x_wconf 85' lang='lat' dir='ltr'><strong>luisse</strong></span> <span class='ocrx_word' id='word_1_175' title='bbox 1050 2394 1169 2465; x_wconf 62' lang='lat' dir='ltr'><strong>partitae,</strong></span> <span class='ocrx_word' id='word_1_176' title='bbox 1185 2393 1217 2445; x_wconf 95' lang='lat' dir='ltr'><strong>ut</strong></span> <span class='ocrx_word' id='word_1_177' title='bbox 1232 2383 1372 2464; x_wconf 89' lang='lat' dir='ltr'><strong>multipli-</strong></span> 
     </span>
    </p>
   </div>
   <div class='ocr_carea' id='block_1_4' title="bbox 80 2485 1464 4564">
    <p class='ocr_par' dir='ltr' id='par_1_7' title="bbox 205 2485 1375 3185">
     <span class='ocr_line' id='line_1_20' title="bbox 207 2485 1374 2569; baseline -0.002 -19"><span class='ocrx_word' id='word_1_178' title='bbox 207 2497 283 2551; x_wconf 79' lang='lat' dir='ltr'><strong>oaret</strong></span> <span class='ocrx_word' id='word_1_179' title='bbox 297 2486 446 2568; x_wconf 80' lang='lat' dir='ltr'><strong>pugnandi</strong></span> <span class='ocrx_word' id='word_1_180' title='bbox 461 2486 548 2562; x_wconf 78' lang='lat' dir='ltr'><strong>sires,</strong></span> <span class='ocrx_word' id='word_1_181' title='bbox 564 2496 598 2550; x_wconf 90' lang='lat' dir='ltr'><strong>ut</strong></span> <span class='ocrx_word' id='word_1_182' title='bbox 612 2485 705 2550; x_wconf 80' lang='lat' dir='ltr'><strong>victos</strong></span> <span class='ocrx_word' id='word_1_183' title='bbox 717 2486 846 2550; x_wconf 78' lang='lat' dir='ltr'><strong>Graecos</strong></span> <span class='ocrx_word' id='word_1_184' title='bbox 861 2505 932 2549; x_wconf 82' lang='lat' dir='ltr'><strong>mox</strong></span> <span class='ocrx_word' id='word_1_185' title='bbox 947 2505 1062 2562; x_wconf 87' lang='lat' dir='ltr'><strong>rursus,</strong></span> <span class='ocrx_word' id='word_1_186' title='bbox 1078 2487 1114 2550; x_wconf 84' lang='lat' dir='ltr'><strong>atl</strong></span> <span class='ocrx_word' id='word_1_187' title='bbox 1129 2495 1247 2569; x_wconf 88' lang='lat' dir='ltr'><strong>tempus</strong></span> <span class='ocrx_word' id='word_1_188' title='bbox 1261 2486 1374 2560; x_wconf 81' lang='lat' dir='ltr'><strong>saltent,</strong></span> 
     </span>
     <span class='ocr_line' id='line_1_21' title="bbox 207 2589 1371 2675; baseline -0.003 -22"><span class='ocrx_word' id='word_1_189' title='bbox 207 2589 329 2654; x_wconf 81' lang='lat' dir='ltr'><strong>vietmes</strong></span> <span class='ocrx_word' id='word_1_190' title='bbox 344 2591 462 2664; x_wconf 76' lang='lat' dir='ltr'><strong>lauemt,</strong></span> <span class='ocrx_word' id='word_1_191' title='bbox 488 2589 614 2672; x_wconf 83' lang='lat' dir='ltr'><strong>deniquo</strong></span> <span class='ocrx_word' id='word_1_192' title='bbox 629 2598 663 2652; x_wconf 89' lang='lat' dir='ltr'><strong>ut</strong></span> <span class='ocrx_word' id='word_1_193' title='bbox 676 2590 749 2652; x_wconf 79' lang='lat' dir='ltr'><strong>aleos</strong></span> <span class='ocrx_word' id='word_1_194' title='bbox 765 2608 884 2671; x_wconf 90' lang='lat' dir='ltr'><strong>quoque</strong></span> <span class='ocrx_word' id='word_1_195' title='bbox 909 2589 1024 2675; x_wconf 84' lang='lat' dir='ltr'><strong>proelio¹</strong></span> <span class='ocrx_word' id='word_1_196' title='bbox 1048 2589 1242 2652; x_wconf 74' lang='lat' dir='ltr'><strong>immisceret:</strong></span> <span class='ocrx_word' id='word_1_197' title='bbox 1268 2606 1371 2669; x_wconf 83' lang='lat' dir='ltr'><strong>quaut-</strong></span> 
     </span>
     <span class='ocr_line' id='line_1_22' title="bbox 208 2691 1374 2776; baseline -0.003 -20"><span class='ocrx_word' id='word_1_198' title='bbox 208 2693 308 2757; x_wconf 88' lang='lat' dir='ltr'><strong>obrom</strong></span> <span class='ocrx_word' id='word_1_199' title='bbox 332 2692 382 2775; x_wconf 91' lang='lat' dir='ltr'><strong>qui</strong></span> <span class='ocrx_word' id='word_1_200' title='bbox 407 2693 573 2776; x_wconf 80' lang='lat' dir='ltr'><strong>vituperent</strong></span> <span class='ocrx_word' id='word_1_201' title='bbox 598 2693 673 2756; x_wconf 86' lang='lat' dir='ltr'><strong>bane</strong></span> <span class='ocrx_word' id='word_1_202' title='bbox 699 2701 812 2774; x_wconf 87' lang='lat' dir='ltr'><strong>partem</strong></span> <span class='ocrx_word' id='word_1_203' title='bbox 838 2701 868 2756; x_wconf 87' lang='lat' dir='ltr'><strong>et</strong></span> <span class='ocrx_word' id='word_1_204' title='bbox 891 2691 980 2755; x_wconf 84' lang='lat' dir='ltr'><strong>uiniis</strong></span> <span class='ocrx_word' id='word_1_205' title='bbox 996 2691 1086 2753; x_wconf 91' lang='lat' dir='ltr'><strong>muita</strong></span> <span class='ocrx_word' id='word_1_206' title='bbox 1113 2700 1280 2754; x_wconf 78' lang='lat' dir='ltr'><strong>coacervata</strong></span> <span class='ocrx_word' id='word_1_207' title='bbox 1306 2711 1374 2754; x_wconf 86' lang='lat' dir='ltr'><strong>osse</strong></span> 
     </span>
     <span class='ocr_line' id='line_1_23' title="bbox 207 2793 1372 2878; baseline -0.003 -18"><span class='ocrx_word' id='word_1_208' title='bbox 207 2796 410 2870; x_wconf 77' lang='lat' dir='ltr'><strong>criminentur,</strong></span> <span class='ocrx_word' id='word_1_209' title='bbox 437 2815 579 2878; x_wconf 81' lang='lat' dir='ltr'><strong>perquam</strong></span> <span class='ocrx_word' id='word_1_210' title='bbox 602 2795 711 2859; x_wconf 87' lang='lat' dir='ltr'><strong>iniuste</strong></span> <span class='ocrx_word' id='word_1_211' title='bbox 732 2797 826 2859; x_wconf 86' lang='lat' dir='ltr'><strong>lasere</strong></span> <span class='ocrx_word' id='word_1_212' title='bbox 844 2793 975 2875; x_wconf 88' lang='lat' dir='ltr'><strong>nibiiqua</strong></span> <span class='ocrx_word' id='word_1_213' title='bbox 995 2793 1071 2857; x_wconf 78' lang='lat' dir='ltr'><strong>aliual</strong></span> <span class='ocrx_word' id='word_1_214' title='bbox 1092 2813 1180 2875; x_wconf 80' lang='lat' dir='ltr'><strong>quiam</strong></span> <span class='ocrx_word' id='word_1_215' title='bbox 1208 2793 1372 2866; x_wconf 78' lang='lat' dir='ltr'><strong>ostendere,</strong></span> 
     </span>
     <span class='ocr_line' id='line_1_24' title="bbox 207 2895 1374 2980; baseline -0.003 -17"><span class='ocrx_word' id='word_1_216' title='bbox 207 2898 337 2963; x_wconf 88' lang='lat' dir='ltr'><strong>nondum</strong></span> <span class='ocrx_word' id='word_1_217' title='bbox 352 2897 408 2963; x_wconf 88' lang='lat' dir='ltr'><strong>sibi</strong></span> <span class='ocrx_word' id='word_1_218' title='bbox 424 2898 593 2980; x_wconf 76' lang='lat' dir='ltr'><strong>contigisse,</strong></span> <span class='ocrx_word' id='word_1_219' title='bbox 609 2909 641 2960; x_wconf 89' lang='lat' dir='ltr'><strong>ut</strong></span> <span class='ocrx_word' id='word_1_220' title='bbox 655 2898 742 2980; x_wconf 87' lang='lat' dir='ltr'><strong>piane</strong></span> <span class='ocrx_word' id='word_1_221' title='bbox 756 2898 786 2960; x_wconf 92' lang='lat' dir='ltr'><strong>iu</strong></span> <span class='ocrx_word' id='word_1_222' title='bbox 802 2907 907 2979; x_wconf 89' lang='lat' dir='ltr'><strong>poetae</strong></span> <span class='ocrx_word' id='word_1_223' title='bbox 918 2896 1040 2977; x_wconf 88' lang='lat' dir='ltr'><strong>eiusque</strong></span> <span class='ocrx_word' id='word_1_224' title='bbox 1055 2895 1217 2977; x_wconf 89' lang='lat' dir='ltr'><strong>aequalium</strong></span> <span class='ocrx_word' id='word_1_225' title='bbox 1231 2907 1261 2961; x_wconf 91' lang='lat' dir='ltr'><strong>et</strong></span> <span class='ocrx_word' id='word_1_226' title='bbox 1276 2915 1374 2979; x_wconf 90' lang='lat' dir='ltr'><strong>popu-</strong></span> 
     </span>
     <span class='ocr_line' id='line_1_25' title="bbox 205 2999 1375 3084; baseline -0.003 -18"><span class='ocrx_word' id='word_1_227' title='bbox 205 3002 307 3066; x_wconf 84' lang='lat' dir='ltr'><strong>lan&#39;una</strong></span> <span class='ocrx_word' id='word_1_228' title='bbox 333 3019 440 3064; x_wconf 86' lang='lat' dir='ltr'><strong>sensus</strong></span> <span class='ocrx_word' id='word_1_229' title='bbox 466 3011 553 3084; x_wconf 85' lang='lat' dir='ltr'><strong>atque</strong></span> <span class='ocrx_word' id='word_1_230' title='bbox 578 3001 710 3064; x_wconf 89' lang='lat' dir='ltr'><strong>animum</strong></span> <span class='ocrx_word' id='word_1_231' title='bbox 737 3019 804 3063; x_wconf 81' lang='lat' dir='ltr'><strong>sose</strong></span> <span class='ocrx_word' id='word_1_232' title='bbox 830 2999 1021 3062; x_wconf 85' lang='lat' dir='ltr'><strong>insinuarent.</strong></span> <span class='ocrx_word' id='word_1_233' title='bbox 1046 3035 1085 3046; x_wconf 92' lang='lat'>-</span> <span class='ocrx_word' id='word_1_234' title='bbox 1104 2999 1238 3063; x_wconf 68' lang='lat' dir='ltr'><strong>Caeterum</strong></span> <span class='ocrx_word' id='word_1_235' title='bbox 1265 2999 1375 3081; x_wconf 86' lang='lat' dir='ltr'><strong>aliquot</strong></span> 
     </span>
     <span class='ocr_line' id='line_1_26' title="bbox 208 3101 1374 3185; baseline -0.002 -19"><span class='ocrx_word' id='word_1_236' title='bbox 208 3104 278 3167; x_wconf 84' lang='lat' dir='ltr'><strong>satis</strong></span> <span class='ocrx_word' id='word_1_237' title='bbox 294 3121 417 3184; x_wconf 77' lang='lat' dir='ltr'><strong>magnas</strong></span> <span class='ocrx_word' id='word_1_238' title='bbox 432 3103 463 3165; x_wconf 90' lang='lat' dir='ltr'><strong>iu</strong></span> <span class='ocrx_word' id='word_1_239' title='bbox 477 3103 640 3166; x_wconf 75' lang='lat' dir='ltr'><strong>basilianis</strong></span> <span class='ocrx_word' id='word_1_240' title='bbox 655 3110 739 3185; x_wconf 90' lang='lat' dir='ltr'><strong>parte</strong></span> <span class='ocrx_word' id='word_1_241' title='bbox 754 3101 996 3183; x_wconf 79' lang='lat' dir='ltr'><strong>interpolationes</strong></span> <span class='ocrx_word' id='word_1_242' title='bbox 1007 3101 1172 3164; x_wconf 83' lang='lat' dir='ltr'><strong>Nitasobius</strong></span> <span class='ocrx_word' id='word_1_243' title='bbox 1188 3101 1251 3183; x_wconf 83' lang='lat' dir='ltr'><strong>ipse</strong></span> <span class='ocrx_word' id='word_1_244' title='bbox 1265 3121 1374 3182; x_wconf 73' lang='lat' dir='ltr'><strong>agitas·</strong></span> 
     </span>
    </p>

    <p class='ocr_par' dir='ltr' id='par_1_8' title="bbox 80 3204 1464 3999">
     <span class='ocr_line' id='line_1_27' title="bbox 80 3204 1375 3286; baseline 0.001 -20"><span class='ocrx_word' id='word_1_245' title='bbox 80 3263 82 3266; x_wconf 84' lang='lat'>.</span> <span class='ocrx_word' id='word_1_246' title='bbox 208 3204 254 3267; x_wconf 85' lang='lat' dir='ltr'><strong>rit.</strong></span> <span class='ocrx_word' id='word_1_247' title='bbox 303 3205 377 3267; x_wconf 84' lang='lat' dir='ltr'><strong>Nam</strong></span> <span class='ocrx_word' id='word_1_248' title='bbox 399 3215 514 3286; x_wconf 87' lang='lat' dir='ltr'><strong>praetor</strong></span> <span class='ocrx_word' id='word_1_249' title='bbox 536 3204 653 3286; x_wconf 81' lang='lat' dir='ltr'><strong>iungam</strong></span> <span class='ocrx_word' id='word_1_250' title='bbox 673 3205 751 3267; x_wconf 91' lang='lat' dir='ltr'><strong>illam</strong></span> <span class='ocrx_word' id='word_1_251' title='bbox 777 3215 807 3265; x_wconf 85' lang='lat' dir='ltr'><strong>at</strong></span> <span class='ocrx_word' id='word_1_252' title='bbox 830 3204 981 3284; x_wconf 82' lang='lat' dir='ltr'><strong>loquacem</strong></span> <span class='ocrx_word' id='word_1_253' title='bbox 1006 3204 1141 3267; x_wconf 85' lang='lat' dir='ltr'><strong>Nestoris</strong></span> <span class='ocrx_word' id='word_1_254' title='bbox 1168 3204 1375 3267; x_wconf 83' lang='lat' dir='ltr'><strong>narrationem.</strong></span> 
     </span>
     <span class='ocr_line' id='line_1_28' title="bbox 209 3305 1374 3388; baseline -0.001 -20"><span class='ocrx_word' id='word_1_255' title='bbox 209 3305 257 3377; x_wconf 86' lang='lat' dir='ltr'><strong>lll.</strong></span> <span class='ocrx_word' id='word_1_256' title='bbox 272 3305 461 3380; x_wconf 78' lang='lat' dir='ltr'><strong>obt-762,</strong></span> <span class='ocrx_word' id='word_1_257' title='bbox 477 3307 514 3369; x_wconf 81' lang='lat' dir='ltr'><strong>sle</strong></span> <span class='ocrx_word' id='word_1_258' title='bbox 528 3325 584 3388; x_wconf 89' lang='lat' dir='ltr'><strong>qua</strong></span> <span class='ocrx_word' id='word_1_259' title='bbox 600 3324 691 3387; x_wconf 85' lang='lat' dir='ltr'><strong>supra</strong></span> <span class='ocrx_word' id='word_1_260' title='bbox 703 3307 814 3367; x_wconf 82' lang='lat' dir='ltr'><strong>aliatum</strong></span> <span class='ocrx_word' id='word_1_261' title='bbox 831 3315 886 3376; x_wconf 80' lang='lat' dir='ltr'><strong>ost,</strong></span> <span class='ocrx_word' id='word_1_262' title='bbox 902 3305 987 3368; x_wconf 88' lang='lat' dir='ltr'><strong>etiam</strong></span> <span class='ocrx_word' id='word_1_263' title='bbox 1004 3306 1078 3370; x_wconf 92' lang='lat' dir='ltr'><strong>libro</strong></span> <span class='ocrx_word' id='word_1_264' title='bbox 1095 3306 1147 3369; x_wconf 84' lang='lat' dir='ltr'><strong>xit</strong></span> <span class='ocrx_word' id='word_1_265' title='bbox 1162 3325 1280 3368; x_wconf 82' lang='lat' dir='ltr'><strong>omnem</strong></span> <span class='ocrx_word' id='word_1_266' title='bbox 1298 3305 1374 3370; x_wconf 90' lang='lat' dir='ltr'><strong>iilam</strong></span> 
     </span>
     <span class='ocr_line' id='line_1_29' title="bbox 209 3399 1375 3492; baseline 0 -24"><span class='ocrx_word' id='word_1_267' title='bbox 209 3407 388 3487; x_wconf 80' lang='lat' dir='ltr'><strong>Saqiedonis</strong></span> <span class='ocrx_word' id='word_1_268' title='bbox 404 3399 584 3492; x_wconf 69' lang='grc' dir='ltr'><strong>ἀριστείαν,</strong></span> <span class='ocrx_word' id='word_1_269' title='bbox 599 3427 674 3488; x_wconf 90' lang='lat' dir='ltr'><strong>quae</strong></span> <span class='ocrx_word' id='word_1_270' title='bbox 689 3416 736 3468; x_wconf 86' lang='lat' dir='ltr'><strong>est</strong></span> <span class='ocrx_word' id='word_1_271' title='bbox 751 3427 767 3468; x_wconf 93' lang='lat' dir='ltr'><strong>a</strong></span> <span class='ocrx_word' id='word_1_272' title='bbox 783 3426 808 3469; x_wconf 77' lang='lat' dir='ltr'><strong>a.</strong></span> <span class='ocrx_word' id='word_1_273' title='bbox 826 3407 1006 3480; x_wconf 70' lang='lat' dir='ltr'><strong>iiiii-ilii,</strong></span> <span class='ocrx_word' id='word_1_274' title='bbox 1022 3407 1204 3471; x_wconf 77' lang='lat' dir='ltr'><strong>stoliditieiam</strong></span> <span class='ocrx_word' id='word_1_275' title='bbox 1221 3427 1287 3469; x_wconf 84' lang='lat' dir='ltr'><strong>ossa</strong></span> <span class='ocrx_word' id='word_1_276' title='bbox 1303 3426 1375 3470; x_wconf 74' lang='lat' dir='ltr'><strong>arori-</strong></span> 
     </span>
     <span class='ocr_line' id='line_1_30' title="bbox 209 3507 1376 3593; baseline 0 -23"><span class='ocrx_word' id='word_1_277' title='bbox 209 3507 293 3582; x_wconf 80' lang='lat' dir='ltr'><strong>oeelit,</strong></span> <span class='ocrx_word' id='word_1_278' title='bbox 309 3528 337 3590; x_wconf 88' lang='lat' dir='ltr'><strong>p.</strong></span> <span class='ocrx_word' id='word_1_279' title='bbox 350 3509 427 3586; x_wconf 73' lang='lat'><strong>3843</strong></span> <span class='ocrx_word' id='word_1_280' title='bbox 441 3529 621 3593; x_wconf 89' lang='lat' dir='ltr'><strong>quamquam</strong></span> <span class='ocrx_word' id='word_1_281' title='bbox 635 3509 664 3571; x_wconf 91' lang='lat' dir='ltr'><strong>in</strong></span> <span class='ocrx_word' id='word_1_282' title='bbox 677 3507 821 3589; x_wconf 79' lang='lat' dir='ltr'><strong>proxitatis</strong></span> <span class='ocrx_word' id='word_1_283' title='bbox 834 3508 926 3583; x_wconf 89' lang='lat' dir='ltr'><strong>libris,</strong></span> <span class='ocrx_word' id='word_1_284' title='bbox 943 3509 993 3590; x_wconf 92' lang='lat' dir='ltr'><strong>qui</strong></span> <span class='ocrx_word' id='word_1_285' title='bbox 1010 3509 1097 3572; x_wconf 86' lang='lat' dir='ltr'><strong>nubis</strong></span> <span class='ocrx_word' id='word_1_286' title='bbox 1110 3509 1236 3572; x_wconf 78' lang='lat' dir='ltr'><strong>unanime</strong></span> <span class='ocrx_word' id='word_1_287' title='bbox 1248 3509 1376 3590; x_wconf 79' lang='lat' dir='ltr'><strong>suspecti</strong></span> 
     </span>
     <span class='ocr_line' id='line_1_31' title="bbox 209 3608 1430 3693; baseline 0.002 -25"><span class='ocrx_word' id='word_1_288' title='bbox 209 3620 287 3680; x_wconf 86' lang='lat' dir='ltr'><strong>sunt,</strong></span> <span class='ocrx_word' id='word_1_289' title='bbox 303 3621 420 3690; x_wconf 88' lang='lat' dir='ltr'><strong>praeter</strong></span> <span class='ocrx_word' id='word_1_290' title='bbox 434 3631 545 3693; x_wconf 84' lang='lat' dir='ltr'><strong>paucos</strong></span> <span class='ocrx_word' id='word_1_291' title='bbox 560 3611 705 3691; x_wconf 85' lang='lat' dir='ltr'><strong>quosdam</strong></span> <span class='ocrx_word' id='word_1_292' title='bbox 720 3629 821 3673; x_wconf 78' lang='lat' dir='ltr'><strong>somus</strong></span> <span class='ocrx_word' id='word_1_293' title='bbox 834 3608 905 3672; x_wconf 90' lang='lat' dir='ltr'><strong>nibil</strong></span> <span class='ocrx_word' id='word_1_294' title='bbox 922 3629 1102 3692; x_wconf 75' lang='lat' dir='ltr'><strong>magnopere</strong></span> <span class='ocrx_word' id='word_1_295' title='bbox 1118 3612 1210 3674; x_wconf 84' lang='lat' dir='ltr'><strong>riman</strong></span> <span class='ocrx_word' id='word_1_296' title='bbox 1227 3610 1376 3690; x_wconf 75' lang='lat' dir='ltr'><strong>egregium</strong></span> <span class='ocrx_word' id='word_1_297' title='bbox 1429 3629 1430 3632; x_wconf 44' lang='lat'>¹</span> 
     </span>
     <span class='ocr_line' id='line_1_32' title="bbox 210 3708 1464 3793; baseline 0.001 -25"><span class='ocrx_word' id='word_1_298' title='bbox 210 3708 368 3772; x_wconf 75' lang='lat' dir='ltr'><strong>offendisse</strong></span> <span class='ocrx_word' id='word_1_299' title='bbox 390 3711 512 3774; x_wconf 79' lang='lat' dir='ltr'><strong>vitietur.</strong></span> <span class='ocrx_word' id='word_1_300' title='bbox 556 3711 673 3775; x_wconf 88' lang='lat' dir='ltr'><strong>iliarum</strong></span> <span class='ocrx_word' id='word_1_301' title='bbox 699 3721 798 3774; x_wconf 84' lang='lat' dir='ltr'><strong>autom</strong></span> <span class='ocrx_word' id='word_1_302' title='bbox 823 3711 947 3774; x_wconf 80' lang='lat' dir='ltr'><strong>eiuararm</strong></span> <span class='ocrx_word' id='word_1_303' title='bbox 973 3711 1232 3793; x_wconf 86' lang='lat' dir='ltr'><strong>interpolationuru</strong></span> <span class='ocrx_word' id='word_1_304' title='bbox 1259 3711 1376 3772; x_wconf 88' lang='lat' dir='ltr'><strong>aiteram</strong></span> <span class='ocrx_word' id='word_1_305' title='bbox 1460 3719 1464 3726; x_wconf 84' lang='lat'>&#39;</span> 
     </span>
     <span class='ocr_line' id='line_1_33' title="bbox 208 3797 1378 3896; baseline 0.001 -24"><span class='ocrx_word' id='word_1_306' title='bbox 208 3821 361 3892; x_wconf 86' lang='lat' dir='ltr'><strong>propterea</strong></span> <span class='ocrx_word' id='word_1_307' title='bbox 376 3797 510 3882; x_wconf 73' lang='lat' dir='ltr'><strong>damnat,</strong></span> <span class='ocrx_word' id='word_1_308' title='bbox 536 3813 616 3894; x_wconf 77' lang='lat' dir='ltr'><strong>qum</strong></span> <span class='ocrx_word' id='word_1_309' title='bbox 643 3831 703 3876; x_wconf 91' lang='lat' dir='ltr'><strong>noa</strong></span> <span class='ocrx_word' id='word_1_310' title='bbox 730 3823 796 3896; x_wconf 85' lang='lat' dir='ltr'><strong>apta</strong></span> <span class='ocrx_word' id='word_1_311' title='bbox 813 3814 851 3876; x_wconf 90' lang='lat' dir='ltr'><strong>sit</strong></span> <span class='ocrx_word' id='word_1_312' title='bbox 879 3813 933 3876; x_wconf 90' lang='lat' dir='ltr'><strong>ista</strong></span> <span class='ocrx_word' id='word_1_313' title='bbox 960 3814 1090 3876; x_wconf 80' lang='lat' dir='ltr'><strong>namatio</strong></span> <span class='ocrx_word' id='word_1_314' title='bbox 1112 3813 1177 3874; x_wconf 87' lang='lat' dir='ltr'><strong>loeo</strong></span> <span class='ocrx_word' id='word_1_315' title='bbox 1198 3831 1231 3872; x_wconf 85' lang='lat' dir='ltr'><strong>aa</strong></span> <span class='ocrx_word' id='word_1_316' title='bbox 1252 3810 1378 3890; x_wconf 84' lang='lat' dir='ltr'><strong>tempori</strong></span> 
     </span>
     <span class='ocr_line' id='line_1_34' title="bbox 206 3911 1378 3999; baseline -0.002 -26"><span class='ocrx_word' id='word_1_317' title='bbox 206 3911 333 3995; x_wconf 85' lang='lat' dir='ltr'><strong>nihilque</strong></span> <span class='ocrx_word' id='word_1_318' title='bbox 352 3925 402 3979; x_wconf 88' lang='lat' dir='ltr'><strong>aut</strong></span> <span class='ocrx_word' id='word_1_319' title='bbox 427 3915 505 3978; x_wconf 90' lang='lat' dir='ltr'><strong>utilis</strong></span> <span class='ocrx_word' id='word_1_320' title='bbox 523 3916 648 3999; x_wconf 84' lang='lat' dir='ltr'><strong>exempli</strong></span> <span class='ocrx_word' id='word_1_321' title='bbox 669 3926 720 3979; x_wconf 87' lang='lat' dir='ltr'><strong>aut</strong></span> <span class='ocrx_word' id='word_1_322' title='bbox 739 3915 950 3980; x_wconf 83' lang='lat' dir='ltr'><strong>adniouitiouis</strong></span> <span class='ocrx_word' id='word_1_323' title='bbox 976 3913 1096 3988; x_wconf 92' lang='lat' dir='ltr'><strong>babeat,</strong></span> <span class='ocrx_word' id='word_1_324' title='bbox 1124 3914 1245 3975; x_wconf 87' lang='lat' dir='ltr'><strong>alteram</strong></span> <span class='ocrx_word' id='word_1_325' title='bbox 1272 3917 1378 3982; x_wconf 77' lang='lat' dir='ltr'><strong>auterre,</strong></span> 
     </span>
    </p>

    <p class='ocr_par' dir='ltr' id='par_1_9' title="bbox 94 4013 1379 4505">
     <span class='ocr_line' id='line_1_35' title="bbox 94 4013 1379 4094; baseline -0.001 -19"><span class='ocrx_word' id='word_1_326' title='bbox 94 4063 95 4066; x_wconf 63' lang='lat'><strong>,</strong></span> <span class='ocrx_word' id='word_1_327' title='bbox 209 4013 286 4092; x_wconf 84' lang='lat' dir='ltr'><strong>quod</strong></span> <span class='ocrx_word' id='word_1_328' title='bbox 302 4033 376 4094; x_wconf 89' lang='lat' dir='ltr'><strong>quae</strong></span> <span class='ocrx_word' id='word_1_329' title='bbox 390 4015 430 4080; x_wconf 89' lang='lat' dir='ltr'><strong>ibi</strong></span> <span class='ocrx_word' id='word_1_330' title='bbox 445 4019 611 4083; x_wconf 76' lang='lat' dir='ltr'><strong>referuntur</strong></span> <span class='ocrx_word' id='word_1_331' title='bbox 624 4037 685 4081; x_wconf 90' lang='lat' dir='ltr'><strong>non</strong></span> <span class='ocrx_word' id='word_1_332' title='bbox 702 4018 773 4081; x_wconf 89' lang='lat' dir='ltr'><strong>satis</strong></span> <span class='ocrx_word' id='word_1_333' title='bbox 790 4019 833 4080; x_wconf 90' lang='lat' dir='ltr'><strong>vei</strong></span> <span class='ocrx_word' id='word_1_334' title='bbox 850 4037 917 4080; x_wconf 87' lang='lat' dir='ltr'><strong>oum</strong></span> <span class='ocrx_word' id='word_1_335' title='bbox 933 4013 1172 4079; x_wconf 80' lang='lat' dir='ltr'><strong>antecedetrtibus</strong></span> <span class='ocrx_word' id='word_1_336' title='bbox 1188 4014 1230 4076; x_wconf 83' lang='lat' dir='ltr'><strong>rel</strong></span> <span class='ocrx_word' id='word_1_337' title='bbox 1246 4031 1314 4074; x_wconf 86' lang='lat' dir='ltr'><strong>eum</strong></span> <span class='ocrx_word' id='word_1_338' title='bbox 1328 4033 1379 4074; x_wconf 88' lang='lat' dir='ltr'><strong>se·</strong></span> 
     </span>
     <span class='ocr_line' id='line_1_36' title="bbox 210 4113 1376 4202; baseline 0.001 -27"><span class='ocrx_word' id='word_1_339' title='bbox 210 4113 367 4191; x_wconf 79' lang='lat' dir='ltr'><strong>questibus</strong></span> <span class='ocrx_word' id='word_1_340' title='bbox 378 4118 556 4196; x_wconf 87' lang='lat' dir='ltr'><strong>eonspireut.</strong></span> <span class='ocrx_word' id='word_1_341' title='bbox 583 4119 670 4202; x_wconf 77' lang='lat' dir='ltr'><strong>Atqui</strong></span> <span class='ocrx_word' id='word_1_342' title='bbox 682 4119 741 4183; x_wconf 86' lang='lat' dir='ltr'><strong>boo</strong></span> <span class='ocrx_word' id='word_1_343' title='bbox 756 4117 874 4200; x_wconf 81' lang='lat' dir='ltr'><strong>quidem</strong></span> <span class='ocrx_word' id='word_1_344' title='bbox 887 4117 1008 4180; x_wconf 85' lang='lat' dir='ltr'><strong>aiterum</strong></span> <span class='ocrx_word' id='word_1_345' title='bbox 1022 4133 1116 4197; x_wconf 77' lang='lat' dir='ltr'><strong>genus</strong></span> <span class='ocrx_word' id='word_1_346' title='bbox 1128 4114 1292 4196; x_wconf 74' lang='lat' dir='ltr'><strong>argumenti</strong></span> <span class='ocrx_word' id='word_1_347' title='bbox 1304 4113 1376 4194; x_wconf 87' lang='lat' dir='ltr'><strong>quin</strong></span> 
     </span>
     <span class='ocr_line' id='line_1_37' title="bbox 209 4213 1374 4299; baseline 0.001 -23"><span class='ocrx_word' id='word_1_348' title='bbox 209 4213 295 4277; x_wconf 71' lang='lat' dir='ltr'><strong>aiam</strong></span> <span class='ocrx_word' id='word_1_349' title='bbox 306 4225 409 4279; x_wconf 80' lang='lat' dir='ltr'><strong>eontra</strong></span> <span class='ocrx_word' id='word_1_350' title='bbox 419 4217 485 4281; x_wconf 91' lang='lat' dir='ltr'><strong>libr.</strong></span> <span class='ocrx_word' id='word_1_351' title='bbox 496 4219 664 4296; x_wconf 81' lang='lat' dir='ltr'><strong>xlii-xv,</strong></span> <span class='ocrx_word' id='word_1_352' title='bbox 677 4221 739 4284; x_wconf 80' lang='grc'><strong>389</strong></span> <span class='ocrx_word' id='word_1_353' title='bbox 752 4219 884 4282; x_wconf 85' lang='lat' dir='ltr'><strong>adiaiberi</strong></span> <span class='ocrx_word' id='word_1_354' title='bbox 895 4217 1001 4299; x_wconf 86' lang='lat' dir='ltr'><strong>possit,</strong></span> <span class='ocrx_word' id='word_1_355' title='bbox 1017 4235 1078 4278; x_wconf 85' lang='lat' dir='ltr'><strong>arun</strong></span> <span class='ocrx_word' id='word_1_356' title='bbox 1090 4215 1212 4280; x_wconf 87' lang='lat' dir='ltr'><strong>dubium</strong></span> <span class='ocrx_word' id='word_1_357' title='bbox 1225 4216 1295 4279; x_wconf 85' lang='lat' dir='ltr'><strong>uribi</strong></span> <span class='ocrx_word' id='word_1_358' title='bbox 1308 4235 1374 4278; x_wconf 88' lang='lat' dir='ltr'><strong>esse</strong></span> 
     </span>
     <span class='ocr_line' id='line_1_38' title="bbox 208 4315 1375 4401; baseline 0.003 -25"><span class='ocrx_word' id='word_1_359' title='bbox 208 4315 331 4380; x_wconf 81' lang='lat' dir='ltr'><strong>ridetur.</strong></span> <span class='ocrx_word' id='word_1_360' title='bbox 352 4315 406 4380; x_wconf 85' lang='lat' dir='ltr'><strong>iiis</strong></span> <span class='ocrx_word' id='word_1_361' title='bbox 416 4326 514 4382; x_wconf 87' lang='lat' dir='ltr'><strong>tamen</strong></span> <span class='ocrx_word' id='word_1_362' title='bbox 523 4319 688 4386; x_wconf 82' lang='lat' dir='ltr'><strong>b&#39;itzschius</strong></span> <span class='ocrx_word' id='word_1_363' title='bbox 700 4339 799 4386; x_wconf 84' lang='lat' dir='ltr'><strong>carere</strong></span> <span class='ocrx_word' id='word_1_364' title='bbox 808 4319 928 4383; x_wconf 87' lang='lat' dir='ltr'><strong>iliadem</strong></span> <span class='ocrx_word' id='word_1_365' title='bbox 943 4336 1005 4381; x_wconf 91' lang='lat' dir='ltr'><strong>nou</strong></span> <span class='ocrx_word' id='word_1_366' title='bbox 1017 4317 1151 4401; x_wconf 87' lang='lat' dir='ltr'><strong>putuisse</strong></span> <span class='ocrx_word' id='word_1_367' title='bbox 1163 4317 1271 4381; x_wconf 74' lang='lat' dir='ltr'><strong>iudicat</strong></span> <span class='ocrx_word' id='word_1_368' title='bbox 1282 4335 1375 4398; x_wconf 87' lang='lat' dir='ltr'><strong>prop-</strong></span> 
     </span>
     <span class='ocr_line' id='line_1_39' title="bbox 208 4416 1374 4505; baseline 0.002 -25"><span class='ocrx_word' id='word_1_369' title='bbox 208 4427 252 4479; x_wconf 86' lang='lat' dir='ltr'><strong>ter</strong></span> <span class='ocrx_word' id='word_1_370' title='bbox 267 4416 345 4481; x_wconf 83' lang='lat' dir='ltr'><strong>ibam</strong></span> <span class='ocrx_word' id='word_1_371' title='bbox 362 4419 462 4482; x_wconf 68' lang='lat' dir='ltr'><strong>nasio</strong></span> <span class='ocrx_word' id='word_1_372' title='bbox 478 4438 565 4502; x_wconf 88' lang='lat' dir='ltr'><strong>quam</strong></span> <span class='ocrx_word' id='word_1_373' title='bbox 577 4423 719 4487; x_wconf 88' lang='lat' dir='ltr'><strong>rationem</strong></span> <span class='ocrx_word' id='word_1_374' title='bbox 731 4421 914 4505; x_wconf 82' lang='lat' dir='ltr'><strong>popularem,</strong></span> <span class='ocrx_word' id='word_1_375' title='bbox 924 4453 968 4469; x_wconf 88' lang='lat'><em>-</em></span> <span class='ocrx_word' id='word_1_376' title='bbox 979 4420 1113 4499; x_wconf 81' lang='lat' dir='ltr'><strong>sioenim</strong></span> <span class='ocrx_word' id='word_1_377' title='bbox 1123 4417 1374 4503; x_wconf 86' lang='lat' dir='ltr'><strong>appeliarulioebit</strong></span> 
     </span>
    </p>

    <p class='ocr_par' dir='ltr' id='par_1_10' title="bbox 644 4535 653 4564">
     <span class='ocr_line' id='line_1_40' title="bbox 644 4535 653 4564; baseline 0 0"><span class='ocrx_word' id='word_1_378' title='bbox 644 4535 653 4564; x_wconf 64' lang='lat' dir='ltr'><strong>b</strong></span> 
     </span>
    </p>
   </div>
   <div class='ocr_carea' id='block_1_5' title="bbox 0 0 1571 4958">
    <p class='ocr_par' dir='ltr' id='par_1_11' title="bbox 0 0 1571 4958">
     <span class='ocr_line' id='line_1_41' title="bbox 0 0 1571 4958; baseline 0 0"><span class='ocrx_word' id='word_1_379' title='bbox 0 0 1571 4958; x_wconf 95' lang='lat' dir='ltr'><strong> </strong></span> 
     </span>
    </p>
   </div>
  </div>
 </body>
</html>
