3078 4954
651 509 655 516 .
690 417 816 515 Ψ...

157 625 238 672 vero
265 607 323 682 iis,
338 606 398 689 qui
416 625 433 669 e
453 606 600 672 Graecia
625 605 780 690 prolecti
800 615 898 680 sunt,
914 604 1011 668 domi
1026 603 1317 686 uniuscuiusque

157 719 257 775 ortus
272 720 328 774 cst
341 710 458 774 luctus
474 711 626 775 animum
647 709 833 791 affligens,
848 719 877 772 et
893 709 1064 772 Scln'rtzius:
1086 716 1238 790 propter
1256 727 1316 769 ees

156 813 217 894 qui
231 833 248 876 ο
263 813 411 878 Graecia
426 815 581 896 proiecti
596 822 749 878 suntote
778 811 865 894 Atqui
881 813 938 874 llos
952 810 978 875 si
995 812 1147 892 designare
1158 809 1315 891 Aesclpdus

155 917 254 992 uoluit,
270 917 422 981 articulum
437 918 592 1000 participio
614 917 681 981 addi
697 935 816 980 neeesse
833 916 898 990 luite
912 933 949 978 ne
964 915 1001 978 de
1016 935 1086 978 casu
1101 915 1198 978 datico
1213 913 1315 980 iliram.

155 1020 239 1084 cuius
251 1021 408 1084 commode
418 1019 579 1100 explicandi
591 1020 700 1084 nullam
712 1020 856 1083 rationem
868 1019 962 1082 rideo.
982 1017 1057 1080 Nam
1069 1015 1315 1099 ‹ptiodScbdtzius

155 1122 182 1185 ei
203 1122 348 1185 causalem
368 1121 611 1203 significationem
637 1121 749 1197 tribuit,
768 1122 873 1185 babeat
899 1120 964 1182 sibi.
1004 1119 1185 1182 Scholiastes
1211 1117 1315 1198 legisse

155 1222 244 1285 videri
263 1223 360 1305 possit
377 1217 580 1310 σονορριένων
598 1235 627 1287 et
647 1243 716 1288 rnox
736 1217 870 1304 δόμοιςε
890 1223 942 1284 sed
962 1222 1032 1284 buic
1046 1239 1107 1283 non
1122 1221 1247 1283 riitdtum
1263 1220 1314 1282 tri·

89 1343 92 1350 ⁴
155 1325 306 1388 buendum
330 1333 385 1389 cst
428 1325 602 1406 Aeschylum
626 1335 722 1388 autem
744 1324 901 1406 scripsisse
927 1323 1099 1386 crediderim
1125 1312 1314 1403 otuopps'to,

154 1426 232 1508 quod
249 1445 340 1509 quum
356 1427 386 1490 in
397 1436 511 1492 uetusto
527 1427 638 1503 codice,
653 1439 825 1490 nostromm
842 1426 975 1488 onimium
992 1429 1073 1488 tonte
1087 1425 1249 1499 communi,
1265 1443 1315 1505 per

154 1530 362 1611 compendium
382 1529 525 1612 scriptum
544 1538 636 1604 esset,
662 1529 731 1592 binc
749 1546 833 1592 error
852 1527 1085 1592 describentibus
1110 1526 1258 1600 obiectus,
1282 1537 1315 1589 ut

154 1625 363 1718 συνορμένοις
378 1642 530 1714 ponerent,
547 1633 633 1714 idque
648 1631 685 1694 de
700 1631 839 1695 militibus
851 1631 880 1694 in
893 1631 1000 1694 bellum
1012 1629 1152 1713 proiectis
1163 1641 1314 1710 acceptum

154 1735 320 1799 necessario
335 1735 422 1798 etiam
437 1735 518 1798 altori
534 1735 718 1817 corruptelae
732 1753 834 1798 anisam
849 1733 941 1809 dedit,
952 1744 985 1796 ut
999 1724 1058 1819 ἀφ’
1065 1725 1226 1808 Ἑλλάδος
1236 1723 1315 1808 αἴας

153 1837 329 1901 scriberetur
343 1855 399 1918 pro
415 1856 466 1910 eo,
482 1837 563 1917 quod
578 1835 766 1899 scribendum
782 1845 856 1910 erat,
870 1829 924 1921 ἐφ’
940 1827 1068 1900 Ἑλλάδ’
1089 1823 1177 1899 clav.
1214 1836 1314 1899 l’ossit

153 1938 240 2002 etiarn
255 1929 303 2002 ἄν’
321 1927 452 2002 Ἑλλάδ’
474 1925 552 2000 olon
573 1935 693 2012 coniici3
713 1939 766 2001 scd
783 1938 851 2001 illud
872 1942 1002 2020 prmlero
1018 1947 1139 2020 propter
1153 1938 1312 2002 faciliorem

154 2039 355 2104 prolationem.
385 2041 484 2122 ltaque
498 2059 601 2103 versus
616 2038 787 2104 babebimus
803 2040 907 2102 besee:

353 2137 394 2205 rei
415 2137 484 2204 πᾶν
506 2133 534 2203 δ’
557 2133 610 2226 ἐφ’
627 2133 757 2204 Ἑλλάδ’
778 2129 856 2204 elev

353 2235 535 2326 σονορμὲνα
557 2233 703 2304 cindato
723 2235 960 2326 τλησικάρδιος

354 2335 466 2422 δόμων
487 2333 629 2406 ἑκάστου
652 2333 788 2424 πρέπει.

152 2445 304 2508 Omnino
330 2453 447 2508 autem
474 2462 536 2525 per
556 2443 719 2506 Graecam
740 2453 870 2508 terram
893 2453 1041 2507 coortus
1062 2443 1181 2507 luctus
1207 2446 1311 2507 corda

152 2547 318 2610 mordens
344 2546 452 2610 unius
482 2545 660 2626 cuiusque
684 2547 810 2608 tlemus
837 2547 1057 2629 conspicuus
1086 2556 1149 2609 est.
1194 2547 1312 2609 b'umeri

152 2650 299 2726 concinni,
315 2647 458 2711 sententia
473 2656 548 2730 opita.
578 2647 651 2709 Nam
667 2643 706 2708 rei
727 2643 809 2724 πᾶν,
824 2647 953 2711 adverbii
974 2649 1077 2724 instar,
1096 2649 1255 2721 οιιιιιίιιο,
1279 2650 1312 2712 in

152 2751 372 2825 universum,
387 2758 466 2813 reete
480 2749 587 2811 dicitur
602 2757 771 2831 propterea,
786 2749 880 2830 «pund,
897 2768 987 2830 quarm
1002 2761 1086 2813 antea
1101 2751 1138 2812 de
1154 2751 1242 2813 tritius
1253 2752 1312 2814 lle·

152 2853 223 2916 itclai
239 2851 361 2934 eiusque
375 2851 483 2915 domus
498 2850 600 2912 dolore
615 2850 725 2912 (lictum
741 2859 832 2924 essct,
852 2870 932 2914 nunc
951 2852 987 2914 ml
1006 2853 1161 2915 uniuersae
1180 2854 1314 2916 Graeciae

132 2949 283 3018 'dolomm
310 2954 465 3018 transitur:
482 2944 534 3039 ἐφ’
552 2945 636 3014 Ἐλλ.
660 2940 739 3015 cler
763 2953 888 3026 dictiue,
915 2962 947 3015 ut
966 2947 1025 3018 e’rri
1046 2956 1143 3037 γαῖαν
1164 2949 1229 3020 εἶσὶ
1254 2951 1313 3019 dc‘o

152 3077 198 3138 np.
208 3056 277 3120 llos.
286 3056 395 3120 0.ctC.
404 3076 430 3119 ι.
442 3055 491 3117 tt.
503 3063 532 3116 et
543 3044 597 3117 ἐπ’
608 3044 771 3142 ἀπείρονα
783 3055 880 3136 γαῖαν
890 3052 1043 3137 aliquoties
1056 3058 1134 3138 apiud
1145 3057 1313 3122 llomerum.

237 3157 315 3221 llaec
339 3158 364 3220 si
385 3175 446 3220 non
467 3155 697 3238 improbabiliter
716 3158 851 3220 restituta
877 3169 961 3232 sunt,
981 3159 1068 3223 etiam
1093 3161 1130 3222 de
1155 3161 1314 3241 stropbicis

151 3261 349 3325 coniecturam
364 3260 471 3324 audere
486 3259 590 3323 licclril.
617 3259 649 3323 ln
665 3261 815 3325 codicibus
831 3262 974 3343 scriptum
991 3273 1048 3326 cst:
1065 3256 1207 3346 πάρεστι
1222 3260 1318 3346 σιγᾶς

85 3430 88 3436 ,
151 3355 272 3446 ι’ἰτιμος
293 3355 471 3446 ἆλοίδορος
492 3355 632 3439 ἅδιστος
654 3353 825 3452 &pertinen
847 3357 945 3440 idcio,
968 3365 1056 3429 nullis
1076 3366 1208 3429 nutrieris
1224 3368 1315 3430 nulla·

151 3485 208 3548 que
222 3483 292 3529 sana
308 3465 460 3538 sententia,
486 3463 631 3528 iambicos
644 3485 745 3529 sersus
758 3466 871 3531 restitui
887 3469 1071 3551 antistropha
1087 3471 1316 3551 postulatunls

151 3576 274 3649 oppleret
286 3585 347 3629 non
362 3585 452 3648 posse
467 3575 517 3628 aut
532 3562 629 3649 σιγὰς
643 3579 693 3630 aut
707 3561 822 3650 crycio‘
836 3580 887 3634 aut
901 3569 1006 3653 σιγῶν
1019 3571 1117 3645 scribi,
1131 3592 1206 3654 quae
1218 3573 1314 3636 oninia

151 3671 186 3732 ab
203 3688 262 3734 uno
278 3679 329 3734 aut
343 3670 436 3733 altero
452 3669 553 3732 critico
569 3673 723 3753 proposita
740 3681 822 3748 stunt,
838 3672 888 3734 sed
904 3669 1007 3756 σιγᾶς
1025 3672 1209 3737 librariorum
1225 3676 1315 3738 errori

152 3771 263 3846 deberi,
277 3781 346 3836 nato
361 3773 401 3836 illi
420 3793 455 3836 er
475 3772 671 3854 geminatione
690 3775 815 3838 duarum
831 3775 992 3855 priamum
1007 3775 1168 3838 litteramm
1185 3777 1313 3840 vocabuli

151 3875 311 3957 sequentis.
352 3875 461 3940 Deinde
482 3875 511 3938 in
532 3865 703 3963 ἅφεμένιον
724 3877 862 3958 syllabam
888 3877 1049 3939 secundam
1073 3897 1104 3940 ει
1125 3899 1193 3941 csse
1207 3879 1314 3942 dolere

152 3977 209 4040 iam
221 3977 268 4039 alii
283 3977 494 4041 intellexerunt.
535 3979 684 4055 Quaenam
706 3991 801 4043 autem
819 3979 977 4062 probabilis
997 3980 1155 4044 serliorurn
1172 3983 1314 4046 sententia

153 4079 242 4142 luisse
256 4077 422 4144 videbitur?
451 4081 553 4144 Cantcd
568 4081 693 4156 chorus,
709 4083 801 4165 qualis
816 4083 902 4145 dolor
915 4081 946 4144 in
962 4083 1054 4145 ‹lomo
1070 4085 1191 4149 blenelai
1206 4087 1314 4150 excita-

152 4191 199 4242 tus
215 4181 300 4244 luerit
315 4191 438 4264 propter
453 4175 580 4248 llelence
593 4185 700 4268 lupam.
731 4185 1052 4260 lamentabantur,
1068 4186 1177 4269 inquit,
1193 4191 1315 4252 dorate-

152 4283 238 4346 stiei
268 4285 480 4366 prophetae:
513 4275 567 4364 td,
597 4278 639 4351 td
667 4285 774 4371 δῶμα,
799 4283 896 4369 δῶμα
917 4282 976 4351 καὶ
999 4281 1138 4371 πρόμοι,
1161 4283 1203 4355 td
1224 4287 1317 4372 λέχος

151 4379 209 4447 καὶ
231 4377 345 4468 στίβοι
366 4379 552 4472 φιλάνορες.
597 4389 660 4466 llis,
675 4391 797 4475 opinor,
813 4407 876 4454 non
891 4389 1080 4456 incommode
1095 4394 1159 4458 talis
1173 4396 1315 4460 sententie
