3106 4958
781 455 823 519 'lu

218 629 282 713 ipse
302 628 394 692 luisse
415 626 529 700 statuit,
554 635 655 708 aptum
674 626 770 703 ιαμ).
814 625 916 690 Paullo
934 623 1031 688 lenius
1044 622 1175 688 lilcinius
1193 625 1253 708 egit
1266 645 1295 708 p.
1314 626 1383 704 ltu,

216 751 313 816 nequo
326 741 426 795 tamen
441 729 505 812 ipse
518 728 673 794 meborem
688 747 828 794 vemuum
839 726 1071 809 descriptionem
1085 727 1174 792 dedit
1203 727 1298 793 Nobis
1311 727 1385 793 baec

214 853 283 899 vere
298 833 427 898 videtur:

389 927 516 1000 Οῧνεκα
542 927 738 1015 Τυνδάρειος
759 926 860 1018 peleos
880 924 951 1013 ἅμα
972 927 1061 996 πᾶσι
1082 931 1197 998 θεοῖσι

316 1034 319 1042 ’
482 1034 564 1121 μιᾶς
584 1025 703 1100 λάθετ’
728 1024 925 1119 ἤπιοόιῦρου

384 1135 567 1228 Κύπριδος,
590 1131 682 1204 κείνα
704 1131 742 1202 δὲ
769 1130 943 1220 Τυνδάρεω
965 1129 1082 1224 κόραις

382 1240 600 1328 χολωσαμένα
621 1235 782 1327 διγιίμοας
802 1233 983 1327 τριγόμσσς
1003 1261 1040 1306 ce
1060 1233 1181 1329 τίθησι

384 1345 443 1415 καὶ
465 1343 690 1432 λιπισαιορσς
703 1381 745 1394 -
760 1381 803 1393 -
818 1389 826 1407 .

303 1458 397 1521 lietoo
418 1455 517 1518 omnia
537 1454 622 1536 plano
642 1463 671 1516 et
687 1451 797 1516 'usitata
818 1459 897 1512 sunt.
942 1449 1051 1511 Versus
1071 1447 1096 1523 l,
1118 1447 1149 1512 in
1164 1468 1225 1532 quo
1240 1449 1313 1513 nihil
1328 1449 1386 1514 nisi

220 1553 334 1624 duone
358 1557 535 1623 mutavimus
555 1558 586 1621 in
613 1549 684 1637 ἅμα
706 1551 809 1625 πᾶσι,
831 1552 999 1614 hexameter
1017 1561 1063 1614 est
1077 1551 1202 1629 bornus,
1217 1552 1262 1616 sel
1277 1553 1302 1616 si
1319 1539 1402 1636 quis¹

219 1662 280 1726 boc
296 1681 389 1744 genus
402 1679 541 1724 uersuum
556 1680 572 1725 a
588 1659 759 1724 stesichoro
775 1663 950 1738 usurpatum
965 1673 1033 1719 essa
1047 1655 1200 1735 dubitet³)
1215 1691 1260 1704 -
1280 1675 1386 1740 qnem-

220 1785 308 1850 quam
324 1763 389 1828 talis
406 1762 598 1827 dubitationis
613 1781 668 1842 ego
685 1781 732 1824 nse
748 1777 808 1824 non
824 1759 940 1822 socium
956 1778 1024 1822 esse
1042 1761 1185 1841 proluens
1198 1795 1242 1807 -
1261 1779 1386 1843 compo-

222 1871 311 1932 situm
326 1869 424 1932 dicere
437 1865 535 1930 iicebit
549 1885 565 1928 e
580 1865 696 1928 duobus
711 1861 860 1944 dactylicis
876 1861 1017 1923 trimetris
1032 1861 1203 1925 catalecticis
1218 1863 1248 1926 in
1269 1862 1387 1946 disylla-

223 1971 312 2044 bum,
338 1969 439 2050 quales
461 1985 564 2030 sersus
584 1965 669 2028 etiam
686 1964 846 2036 Pindarus,
862 1961 932 2025 alies
947 1963 1124 2027 hexametris
1139 1963 1305 2041 abstinens,
1325 1985 1387 2030 non

224 2075 314 2136 semd
338 2071 507 2153 usurpauit,
533 2069 614 2132 solut
636 2068 751 2150 olymp.
779 2064 840 2128 i'lll
855 2066 950 2149 Epoal.
970 2067 1004 2126 b:
1027 2055 1140 2130 linens
1167 2058 1310 2132 d’oiers'oo
1332 2062 1388 2152 dp-

224 2169 351 2257 μαίνων
372 2170 474 2257 τέρας
496 2163 598 2248 elale
620 2163 807 2244 Ἀπόλλων,
833 2179 862 2232 et
881 2169 963 2234 Nem.
985 2169 1023 2232 xl
1045 2169 1140 2250 Epod.
1162 2170 1196 2232 3:
1221 2163 1252 2235 el
1275 2166 1315 2236 δέ
1335 2193 1390 2250 τις

226 2271 329 2359 ὄλβον
351 2269 432 2356 ἔχων
452 2269 584 2362 μορφὰν
606 2267 834 2354 πσριιμιύεται
854 2262 968 2336 ἄλλων.
985 2307 1026 2320 -·
1046 2273 1132 2336 llunc
1151 2275 1263 2337 uers.2
1283 2273 1387 2338 subse·

226 2383 325 2464 spuitur
343 2379 499 2462 dactylicus
522 2377 590 2440 item
612 2377 690 2440 trim.
706 2375 787 2438 catal.
808 2375 838 2437 in
859 2375 965 2457 disyll,
993 2377 1044 2440 sed
1067 2377 1228 2459 praemissa
1243 2380 1388 2443 onacrnsi.

225 2485 343 2549 Tertius
358 2493 404 2547 est
419 2481 588 2545 troclmicus
601 2479 731 2544 trimeter
750 2477 893 2551 catalect,
915 2477 1009 2560 pariam
1030 2477 1149 2560 dipmlia
1165 2478 1254 2558 graui,
1270 2481 1389 2562 reliquis

223 2587 352 2652 levibus:
367 2603 435 2648 nam
453 2577 626 2665 Τυνδάρεω
638 2601 692 2662 por
706 2579 943 2662 apnccpboncsiu
959 2581 1212 2662 pronuntiandum
1224 2591 1278 2645 est.
1303 2582 1389 2648 Tales

225 2699 296 2753 sunt
321 2686 398 2770 apxud
424 2687 583 2750 Pindarum
610 2685 725 2766 olymp.
752 2683 777 2746 ,i
805 2683 898 2765 Epod.
926 2686 955 2746 l.
977 2686 1012 2747 5:
1041 2676 1129 2749 ἔνθα
1150 2678 1389 2768 συγκωμάξατ’,

224 2783 430 2874 ἐγγυάσομαι
451 2787 456 2872 Ι
474 2781 522 2874 μή
540 2795 610 2867 μιν,
633 2775 660 2849 ὦ
683 2786 830 2864 Μοῖσαι,
852 2780 1030 2874 φυγόξενον
1049 2779 1199 2871 στρατόν.
1223 2823 1266 2835 -
1293 2791 1389 2865 Quar-

224 2904 272 2956 tus
289 2893 416 2974 deniquo
431 2890 589 2972 dactylicus
603 2899 649 2952 est
663 2899 848 2970 pentameter
863 2889 944 2952 catal.
960 2890 990 2952 in
1006 2889 1114 2971 displl„
1135 2890 1300 2970 praemiosa
1319 2909 1389 2956 ana·

226 2997 319 3068 trusi,
346 2995 432 3076 plane
463 3001 494 3056 ul
519 2991 596 3072 apud
624 2992 783 3054 Pindarum
814 2992 897 3073 nyss.
926 2991 961 3064 X,
988 2993 1022 3053 3:
1049 2981 1276 3076 ἀριστομάχου
1299 2987 1391 3075 γένος

222 3088 412 3179 Ἡρακλέος
438 3087 618 3177 βασιλεύει,
646 3114 681 3156 ax
707 3094 870 3157 lleomanni
896 3093 1015 3175 quidem
1041 3094 1169 3170 rationo,
1199 3095 1245 3157 cui
1275 3095 1390 3160 etiamsi

227 3198 392 3262 lloeclsbius
404 3195 579 3278 obloquitur,
590 3185 778 3279 Ἡρακλέος
792 3197 822 3258 in
834 3185 1021 3282 Ἡρακλεῖς
1034 3203 1167 3269 mutans,
1182 3195 1281 3276 ipsum
1293 3204 1391 3261 tannen

228 3301 285 3364 buc
311 3317 405 3381 genus
430 3317 567 3360 uersuum
590 3315 775 3379 nequaquam
802 3299 929 3362 damnat
948 3331 993 3343 --
1024 3297 1118 3358 l'easu
1138 3295 1158 3358 3
1179 3289 1218 3360 de'
1239 3297 1391 3378 particula,

226 3423 316 3486 quam
332 3401 437 3466 lllnml.
453 3409 483 3462 ct
504 3397 610 3462 ilcblb.
626 3411 840 3481 expunxerunt,
856 3398 986 3462 lilcinius
998 3406 1096 3461 autem
1113 3398 1143 3462 in
1159 3390 1201 3484 δή
1215 3399 1346 3474 mutavit,
1362 3411 1391 3464 et

226 3504 391 3570 ncoessaria
411 3511 459 3566 est
481 3511 603 3583 proptor
622 3511 764 3576 metrum,
787 3521 883 3584 nequo
902 3503 1051 3566 offendero
1073 3519 1251 3583 quemqnam
1276 3511 1390 3584 potest:

229 3629 299 3672 nans
319 3617 371 3671 aut
388 3603 518 3688 adiungit
536 3604 595 3666 boc
608 3603 775 3668 membrum
790 3603 896 3686 priori,
915 3603 1104 3686 metipsum
1124 3604 1160 3668 ab
1175 3595 1294 3670 οὕνεκα
1314 3624 1390 3688 pen·

230 3711 314 3786 dens,
329 3707 541 3791 antapodosin
557 3705 675 3782 indicat,
691 3707 942 3789 quemadmodum
960 3727 1172 3790 saepenumero
1188 3702 1226 3772 δέ
1239 3727 1256 3771 a
1270 3708 1391 3773 Graccis

228 3811 366 3898 usunaari
385 3811 481 3876 nostis
496 3821 566 3894 post
577 3802 616 3889 ci,
638 3803 705 3889 dds,
729 3803 795 3888 ὅτι,
820 3801 908 3891 ὅταν,
923 3801 1001 3875 ἐπεί
1021 3830 1180 3894 eammque
1194 3809 1306 3876 similes
1320 3829 1390 3896 par·

228 3917 341 3982 doulos.
367 3913 430 3978 l'id.
447 3918 509 3979 Ast
524 3915 561 3979 sd
577 3915 649 3979 Plat.
665 3913 789 3981 Pbsedc.
804 3935 834 3998 p.
847 3913 897 3978 ³3.
940 3913 1050 3979 Buttm.
1065 3915 1102 3978 ad
1117 3915 1267 3980 bomoslb.
1279 3915 1310 3978 in
1321 3915 1390 3980 illd.

231 4040 261 4103 p.
279 4020 347 4112 126,
392 4019 566 4084 llenmann.
581 4019 618 4083 ed
633 4017 722 4084 Hom.
737 4017 843 4102 Hymn.
873 4017 983 4086 incer.
1010 4037 1035 4083 r.
1053 4019 1127 4084 tou.
1142 4021 1212 4082 lien.
1226 4017 1335 4083 nutu
1360 4040 1389 4103 p.

301 4277 325 4341 2)
344 4276 465 4330 Potoeost
484 4279 581 4335 niacrs
593 4281 695 4350 sepono
712 4273 844 4351 ιιούραισι
851 4279 1041 4354 potooeptro
1056 4277 1146 4346 scribi,
1162 4287 1192 4334 st
1206 4293 1299 4333 varus
1321 4287 1393 4332 osset
1464 4289 1467 4297 '

234 4363 327 4433 tacut.
340 4363 435 4416 Ιιιιοι
449 4379 504 4418 cam
515 4367 641 4420 soscmxi.

301 4449 327 4516 :tp
340 4448 398 4503 llisl.
411 4445 495 4503 liloio.
507 4467 531 4521 p.
542 4453 575 4505 on
587 4457 614 4506 at
626 4453 667 4508 ns.
