3106 4958
186 659 252 722 tur,
270 648 400 728 ideoque
414 658 446 708 ut
460 645 496 708 ab
511 645 720 727 interpolatore
734 645 874 708 insertam
896 643 986 708 recidi
1001 643 1070 717 vult,
1087 662 1115 724 p.
1140 641 1208 706 tas.
1254 642 1362 706 Dimis-

176 742 244 813 ¹sus
257 749 380 812 tandem
393 767 409 811 a
422 747 546 810 Nestore
558 747 710 811 Patroclus
721 747 868 830 Eurypylo
884 747 1011 810 occurrit
1025 745 1095 807 item
1111 746 1220 822 surreio,
1235 764 1362 826 euntque
1386 745 1387 750 ’

186 861 344 934 petentem
366 851 396 913 in
412 849 505 933 ipsius
521 850 678 914 tentorium
695 851 812 913 deducit
832 849 1001 929 vulnerique
1017 848 1148 911 curando
1169 865 1291 928 operam
1306 847 1364 922 dat,

186 965 298 1036 utpote
314 972 376 1018 non
389 954 542 1036 imperitus
558 953 703 1017 rnedcndl.
733 952 852 1016 interim
865 949 966 1014 Gracci
982 949 1147 1013 a'l'roianis
1159 949 1233 1013 intra
1246 968 1363 1012 taurum

141 1073 170 1126 t‘t
188 1057 430 1140 compelluntur:
451 1056 480 1121 lai
496 1057 662 1122 scurribus
678 1055 814 1120 desiliunt
832 1064 862 1116 et
875 1055 905 1117 in
921 1053 1049 1135 quinque
1068 1053 1184 1134 agmina
1198 1053 1282 1116 divisi
1297 1073 1365 1116 mu·

189 1159 327 1225 nimenta
352 1179 520 1245 expugnare
541 1169 700 1235 certantur,
726 1158 783 1222 alio
804 1157 867 1220 aliis
887 1157 961 1219 locis
989 1175 1138 1220 successu.
1182 1157 1257 1220 Nam
1277 1157 1365 1220 Asius

190 1264 317 1346 quidem
338 1265 488 1328 sinistram
511 1273 675 1327 castrorum
695 1274 807 1346 praetem
823 1261 947 1324 adortus
966 1259 1126 1342 repellitur,
1145 1259 1254 1323 llector
1268 1269 1365 1324 autem

191 1387 264 1432 cum
280 1369 361 1444 suis,
380 1387 474 1450 neque
494 1367 593 1431 minus
608 1367 776 1450 Sarpedon,
792 1364 947 1448 Lyciorum
963 1364 1035 1438 dux,
1052 1363 1185 1447 queraris
1201 1363 1367 1428 resistenti-

191 1471 251 1536 bus
274 1473 391 1537 lortitcr
410 1471 544 1546 Graecis,
565 1470 673 1534 deiecta
695 1480 778 1554 parta
797 1469 1088 1554 propugnaculorum
1100 1478 1129 1533 et
1150 1477 1235 1552 porta
1250 1471 1390 1550 eliractn¹

193 1575 226 1639 in
248 1585 346 1641 castra
372 1577 604 1658 introrumpunt
658 1575 689 1636 ln
715 1575 773 1638 lmc
796 1593 895 1638 rerum
918 1581 996 1636 statu
1024 1573 1148 1656 iupiter,
1169 1573 1367 1637 Troianorum

194 1679 311 1753 lactor,
331 1697 422 1760 quum
442 1679 539 1742 adlauc
557 1697 593 1739 ox
612 1676 661 1738 lde
682 1687 783 1740 mame
804 1685 951 1740 certamen
971 1676 1169 1752 oliservasset,
1188 1675 1245 1739 iam
1266 1676 1368 1739 oculos

193 1781 252 1843 alio
273 1781 431 1856 convertit,
450 1782 598 1845 nerttinem
620 1779 741 1843 deornm
761 1779 961 1844 laborantibus
981 1780 1099 1844 Graecis
1120 1800 1209 1864 opem
1224 1800 1257 1842 sc
1278 1778 1368 1842 invito

193 1883 325 1948 laturum
347 1904 414 1947 esse
433 1901 567 1966 sperans.
612 1884 670 1946 Sed
686 1903 753 1946 ecee
768 1883 937 1965 Neptunus,
954 1883 1004 1966 qui
1019 1895 1049 1947 et
1063 1884 1128 1968 ipse
1142 1885 1179 1947 de
1195 1883 1370 1946 Santotlrra·

196 1985 261 2052 ciae
276 1987 397 2071 specula
418 1987 563 2069 proelium
579 1986 794 2068 curttcmplatus
810 1997 884 2063 erat,
903 1987 1060 2050 occasione
1080 1988 1171 2051 utitur
1190 1987 1225 2050 ad
1242 1985 1369 2049 Graecos

197 2089 353 2153 iuvandos.
399 2089 506 2152 llelieta
521 2089 725 2151 Sarnotlrrmia
740 2091 834 2170 legas
854 2099 1008 2171 properat,
1029 2109 1124 2172 ecquos
1144 2089 1241 2153 currui
1267 2088 1370 2168 ittngit,

197 2211 254 2276 per
268 2210 351 2256 mare
365 2193 401 2255 ad
416 2192 497 2255 littus
512 2190 674 2254 Troianum
693 2193 856 2268 advehitur,
876 2192 974 2275 ibique
993 2213 1081 2258 curru
1100 2192 1202 2257 relicto
1222 2191 1370 2274 proelian-

199 2295 281 2360 tibus
297 2317 331 2359 se
347 2295 450 2359 miscet
464 2294 668 2358 et·Calnlrantis
683 2295 782 2376 specie
796 2306 949 2378 assumpta
962 2299 1090 2362 Graecos
1106 2299 1248 2370 laertatur,
1263 2295 1372 2370 inritat,

199 2399 310 2463 robore
325 2408 354 2462 et
369 2397 538 2462 fortitudine
553 2395 725 2461 mirabiliter
744 2411 839 2480 auget.
889 2401 990 2484 Neque
1012 2403 1069 2464 laec
1084 2401 1165 2465 satis.
1209 2400 1282 2464 Nam
1299 2399 1371 2462 luno

199 2521 321 2584 qumque
340 2501 443 2566 iisdem
463 2501 597 2583 partibus
618 2504 715 2565 loreas
736 2503 891 2566 cortsilium
919 2505 1168 2584 curvaminiscitur,
1194 2525 1253 2587 quo
1280 2501 1372 2566 tutius

200 2605 248 2668 ille
261 2609 401 2689 perlicere
416 2607 496 2687 equod
517 2613 653 2686 coeperat
673 2605 778 2687 possit.
822 2607 921 2688 ltaque
940 2608 1089 2691 cingulum
1105 2609 1225 2672 Verteris
1241 2615 1372 2670 mutuata

201 2709 301 2772 lovem
322 2709 382 2772 adit
400 2708 429 2772 in
446 2709 494 2773 lda
515 2709 680 2782 sevientem,
701 2727 827 2790 cumque
843 2710 948 2792 cinguli
968 2712 1032 2776 eius
1048 2713 1154 2776 virtute
1176 2712 1205 2775 in
1221 2711 1372 2794 amplexus

201 2831 275 2876 suos
292 2811 385 2885 illicit,
403 2831 436 2876 ac
451 2811 516 2875 dein
533 2833 549 2875 a
565 2815 696 2886 Serrano,
712 2830 799 2894 cqucm
815 2813 930 2876 socium
946 2815 1099 2891 asciverat,
1113 2815 1266 2897 consopiri
1282 2823 1372 2876 curat.

203 2915 253 2980 Sic
272 2915 471 2980 confidentius
492 2915 647 2998 Neptunus
662 2916 779 2979 Graecis
800 2917 936 2998 opitulari
957 2919 1064 3000 pergit,
1092 2935 1153 2980 non
1180 2915 1326 2980 hortando
1346 2925 1375 2978 et

204 3018 367 3092 monendo,
383 3028 519 3092 utarrtea,
532 3017 584 3080 sed
600 3018 663 3100 ipse
676 3037 743 3080 eum
759 3018 815 3080 telo
831 3019 939 3095 divino,
953 3028 982 3083 et
996 3021 1043 3083 cui
1058 3020 1154 3084 resisti
1168 3041 1185 3083 a
1200 3019 1374 3084 mortalibus

205 3139 267 3184 non
283 3131 392 3203 potest,
405 3120 551 3183 Troianos
565 3121 748 3201 aggrediens.
785 3120 827 3184 lta
841 3121 906 3184 belli
927 3123 1045 3187 lortuna
1060 3123 1252 3188 convertitur:
1267 3123 1375 3187 ilector

207 3223 272 3306 ipse
292 3223 330 3287 ab
346 3223 431 3287 tliacc
449 3222 616 3286 vnlneratus
635 3222 793 3305 animoque
813 3224 949 3290 deliciens
969 3227 1005 3291 ad
1022 3226 1170 3291 Xanthum
1191 3229 1310 3291 lluvium
1326 3247 1373 3291 re·
1429 3231 1431 3236 '

207 3337 351 3409 portatur,
364 3325 484 3389 Troiani
499 3337 596 3390 antem
611 3327 714 3391 castris
730 3327 833 3390 cedere
853 3340 1009 3411 coguntur.
1042 3330 1127 3394 'lunc
1140 3331 1250 3414 Iupiter
1265 3351 1373 3396 sonano

208 3429 326 3493 solutus
356 3429 600 3511 conspicatusque
631 3429 707 3493 hanc
733 3439 843 3494 tantam
871 3451 972 3522 rerum
1001 3434 1225 3498 conversionem
1251 3433 1375 3515 graviter

209 3551 332 3597 uxorem
351 3532 494 3616 increpat,
514 3531 682 3614 Neptunum
705 3535 803 3598 startim
822 3535 936 3620 proelio
951 3539 1090 3603 excedere
1109 3537 1201 3614 iubet,
1218 3539 1375 3602 ilectorem

113 3667 116 3672 Δ
209 3647 307 3702 autem
327 3635 406 3700 rellci
426 3635 463 3700 ali
482 3636 615 3720 Apolline
633 3646 662 3700 et
681 3639 790 3704 vin'bns
810 3642 911 3724 augeri
930 3654 1020 3708 curat
1070 3643 1120 3708 Sic
1139 3642 1236 3706 denuo
1254 3641 1375 3706 Troiani

208 3739 377 3824 superiores
393 3741 479 3816 dunt,
497 3749 592 3804 castra
613 3739 719 3808 iterum
734 3745 922 3822 adoriuntur,
942 3747 1045 3813 vallum
1066 3749 1103 3814 ab
1118 3745 1252 3833 Apuliae
1266 3763 1375 3827 proru-

208 3851 270 3908 tum
291 3843 373 3908 lacile
389 3843 631 3920 nannenten,
653 3865 817 3933 magnaque
834 3848 864 3914 in
886 3851 960 3934 ipsis
981 3853 1084 3918 castris
1104 3861 1203 3932 strage
1216 3847 1292 3911 edita
1317 3867 1375 3929 po·

194 3955 321 4010 ‘strenuo
346 3945 443 4030 ignem
464 3947 587 4012 naviltns
614 3947 732 4016 iniicere
756 3963 868 4037 parant.
912 3955 998 4020 Nunc
1023 3957 1142 4020 demum
1163 3952 1317 4016 Patroclus
1338 3952 1375 4015 ad

211 4046 349 4111 Achillem
363 4049 452 4124 redit,
467 4051 624 4135 multisque
639 4072 707 4117 cum
721 4054 850 4120 lacrimis
867 4058 1002 4142 exposita
1017 4061 1194 4124 Graecorum
1217 4053 1297 4117 clade
1317 4055 1376 4120 im·

211 4158 318 4234 petrat,
341 4159 373 4214 ut
392 4169 459 4215 cum
479 4153 711 4236 llyrmidonilans
729 4157 765 4222 ad
786 4181 874 4244 opem
900 4163 1050 4228 terendam
1076 4159 1248 4225 dimittatur.
1298 4157 1377 4223 llaec

212 4263 258 4317 cst
270 4251 366 4317 brevis
386 4271 501 4320 summa
521 4277 619 4322 rerum
640 4277 695 4343 per
708 4271 847 4344 quattuor
864 4263 970 4342 duros,
989 4263 1157 4341 xt-xtt,
1177 4268 1375 4344 namuurum:

211 4373 280 4420 acm
294 4356 549 4438 practennittenda
561 4361 680 4427 luerunt
693 4364 819 4446 plurium
834 4367 1019 4450 singulorum
1032 4367 1200 4446 certamina,
1214 4365 1245 4431 in
1260 4367 1377 4452 quibus,

211 4457 297 4522 dam
318 4457 344 4522 si
363 4459 400 4523 ad
418 4457 510 4525 totius
529 4463 631 4542 proelii
656 4476 792 4532 creatum
815 4469 923 4535 nullius
946 4483 997 4537 aut
1015 4471 1110 4554 exigui
1135 4471 1277 4536 momenti
1296 4483 1376 4549 sunt,
