3106 4958
840 429 920 520 4.,

267 611 325 678 τὸν
346 610 385 678 δὲ
405 607 524 688 σκότος
545 601 626 673 ὄσσε
647 604 805 696 κάλυψεν.
850 610 1030 673 Scltoliastac
1051 611 1170 692 quidum
1189 610 1276 673 etiam
1302 611 1431 673 conuicia

268 719 322 780 ista
342 716 539 797 llypuuruorr‘s
560 710 645 776 κατὰ
665 710 706 777 eri
729 705 950 794 σιωπώμενον
970 713 1170 777 subautliemla
1195 733 1273 788 esse,
1299 713 1432 794 quamtis

267 821 446 892 dubitanter,
473 817 668 898 suspicantur.
724 815 816 878 Nobis
842 815 1024 897 probabilius
1050 815 1176 888 violetur,
1205 816 1296 878 luisse
1321 815 1351 876 in
1376 816 1432 878 alio

266 923 407 1003 quenulam
433 921 564 985 urnuiue
588 919 798 984 accuratiorem
825 920 861 981 tle
887 918 1085 1000 llppereuoris
1111 917 1198 980 merlo
1225 915 1432 986 narrationum,

267 1046 342 1107 tiuare
367 1045 459 1106 ‹puttru
488 1043 548 1086 non
576 1032 692 1104 recepta
718 1033 797 1086 osset
822 1021 852 1083 in
872 1021 1090 1104 compositione
1105 1019 1214 1094 iliadis,
1239 1021 1320 1084 hunc
1338 1031 1433 1085 tatttru

268 1129 365 1192 lurcium
386 1127 452 1192 libri
472 1128 557 1202 xt'tt,
577 1125 627 1208 qul
647 1127 714 1190 illue
730 1125 900 1208 respiceret,
920 1141 973 1206 prr
993 1121 1197 1204 negligentiam
1217 1124 1365 1204 quantiano
1387 1123 1433 1186 iu-

269 1243 377 1295 tartum
394 1241 426 1294 ut
439 1239 501 1292 orat
521 1231 652 1292 relietum
672 1249 749 1290 esse.
765 1263 807 1274 -
824 1227 918 1290 l‘orro
937 1227 985 1290 tit».
1003 1226 1064 1288 Xl'l
1079 1246 1104 1288 r.
1121 1227 1183 1288 432
1204 1227 1312 1308 lupber
1326 1229 1433 1309 Sarpe-

268 1336 378 1398 rlomrm
404 1333 593 1414 rottspbatus
619 1351 686 1394 rum
712 1332 848 1394 l’atrorlo
874 1348 1068 1410 congressum
1098 1330 1242 1393 {ultonem
1267 1329 1433 1412 alloquitur.

268 1459 359 1518 sapato
383 1437 532 1516 orribigero
557 1439 722 1520 profitetur,
747 1436 889 1518 eripiatuo
915 1435 992 1497 lratali
1012 1435 1100 1497 unorti
1121 1433 1226 1508 lilium,
1251 1452 1288 1495 an
1309 1432 1434 1496 ocellis

270 1541 403 1604 Patroclo
424 1539 563 1621 patiatur,
589 1559 677 1620 quam
699 1539 743 1600 illa
770 1540 934 1600 orationem
956 1539 1141 1600 vulterurnter
1167 1535 1340 1618 improbans
1367 1556 1433 1617 per-

267 1645 372 1706 sruulet
392 1641 496 1704 trianto
511 1659 549 1703 ne
571 1641 635 1702 latis
655 1640 789 1703 obsistat.
835 1642 963 1722 ilpparet
981 1659 1016 1702 ex
1037 1640 1095 1701 lior.
1109 1638 1270 1720 colloquio,
1285 1639 1342 1702 bos
1357 1639 1434 1700 luris

269 1767 347 1811 σασα
367 1765 424 1808 runa
443 1767 518 1816 esso,
537 1755 566 1807 et
585 1745 703 1825 quietum
730 1745 760 1806 iu
787 1743 834 1805 luta
861 1753 976 1816 autunto,
1003 1761 1063 1823 epm
1083 1763 1116 1802 so
1138 1741 1248 1824 lupitor
1273 1741 1435 1804 contulisse

266 1853 362 1915 rlictns
382 1860 429 1913 ost
450 1849 496 1922 lt,
522 1848 589 1920 tett,
609 1867 702 1930 ttrupuo
720 1847 815 1912 arlbuc
835 1847 902 1909 iurle
922 1847 950 1908 in
970 1847 1127 1928 lllpupum
1149 1846 1279 1918 reuertit.
1305 1847 1333 1910 id
1354 1847 1435 1928 qum

269 1955 330 2017 bl'l
347 1975 372 2016 r.
389 1954 450 2016 tttt
467 1955 660 2015 uleruonstrat.
704 1951 790 2032 altrpti
813 1951 885 2012 luno
901 1949 1064 2012 vislbrrorut
1077 1950 1195 2032 rpttlrlom
1217 1951 1247 2014 in
1263 1949 1311 2012 lrla
1326 1952 1434 2014 serleo-

269 2070 343 2132 turu‚
364 2057 438 2127 Xll’.
456 2056 530 2127 ⁶283.
549 2055 602 2118 eorl
623 2055 734 2116 tlurlom
755 2053 791 2116 ab
810 2074 847 2115 eo
868 2053 897 2116 in
917 2053 1074 2135 Olympum
1095 2053 1218 2116 roruissn
1234 2063 1294 2128 est,
1310 2054 1369 2130 XV,
1384 2057 1434 2116 bl.

269 2163 320 2229 att.
335 2162 414 2224 unrle
428 2180 493 2224 earu
510 2169 578 2240 post
593 2159 699 2220 iterum
715 2158 745 2220 in
761 2157 841 2220 lolam
853 2176 998 2220 reversam
1013 2177 1078 2218 esse
1090 2175 1236 2238 nusquam
1253 2167 1339 2238 poeta
1354 2157 1433 2220 dixit.

271 2261 351 2324 llonc
365 2258 404 2323 ob
418 2281 536 2326 causam
552 2263 722 2325 Zrttorlotos
738 2271 833 2324 totum
849 2261 907 2324 boc
926 2261 1001 2322 loris
1021 2278 1088 2323 curn
1112 2259 1224 2322 lunone
1245 2261 1433 2342 colloquium,

269 2384 286 2426 a
302 2384 326 2426 v.
343 2365 532 2438 tua-tau,
548 2385 680 2448 pugnare
699 2382 765 2427 oum
786 2365 897 2445 rolirpm
913 2364 1081 2426 ructuatione
1097 2363 1221 2444 iubeoque
1237 2381 1292 2445 pro
1308 2362 1434 2425 insiticio

271 2467 438 2531 babomlum
453 2489 520 2532 esse
535 2469 683 2545 iudicarit,
697 2469 743 2531 rui
758 2468 893 2550 equidem
908 2465 1044 2532 assentiri
1061 2467 1148 2542 malo,
1163 2485 1251 2548 quem
1266 2467 1435 2530 Aristarcho

270 2571 348 2634 illum
369 2573 608 2653 roprebomloutl,
628 2575 708 2654 aprrorl
727 2571 864 2636 nescierit
884 2563 937 2634 ὅτι
966 2565 1076 2633 πολλὰ
1101 2565 1188 2634 κατὰ
1214 2563 1436 2654 συμπέρασμα

268 2669 355 2756 λέγει
375 2666 395 2738 ὁ
419 2672 562 2760 παμμής
576 2671 743 2760 γεγονότα,
766 2670 822 2739 καὶ
838 2667 877 2738 αὖ
900 2669 977 2736 rle'or
991 2669 1171 2759 ἐπιζητεῖν,
1195 2669 1269 2751 πῶς
1284 2664 1303 2760 ἡ
1319 2669 1438 2756 μικρὸν

270 2769 465 2856 ἔμπροσθεν
494 2769 554 2840 ἐπὶ
586 2774 644 2840 τὸν
666 2769 841 2859 Ὄλυμπον
872 2779 1169 2862 παρακεχωριμαῒα
1201 2773 1257 2838 νῦν
1285 2771 1347 2839 ἐπὶ
1379 2774 1438 2860 τῆς

274 2869 364 2963 Ἴδης
386 2870 466 2941 r'urt'.
511 2877 576 2940 b'un
593 2879 749 2941 «latuerunt
769 2888 866 2940 tarnon
885 2899 919 2940 ert
936 2877 1159 2952 recentioribus,
1176 2878 1282 2958 utribus
1299 2877 1371 2940 hooc
1386 2879 1437 2940 tlo-

270 2979 365 3040 lensio
377 2977 565 3049 satisfaceret,
581 2998 708 3060 quorum
720 2997 799 3041 runos
812 2980 935 3062 insuper
945 2979 1063 3052 utlrlitlit.
1080 2989 1138 3042 tam
1150 2991 1242 3042 artam
1255 2979 1434 3044 Graecorum

270 3079 411 3160 opinione
436 3081 675 3144 coniunctionem
697 3080 819 3144 lunonis
842 3101 909 3144 rum
931 3083 997 3144 loro
1017 3082 1121 3156 luisse,
1140 3091 1183 3158 ut,
1207 3081 1272 3144 litut
1287 3081 1333 3146 illa
1352 3093 1435 3146 antra

270 3181 444 3245 discessisse
463 3182 499 3244 ab
519 3201 555 3244 eo
571 3183 646 3244 clieta
668 3183 720 3256 sit,
740 3183 831 3246 niltilo
852 3185 952 3246 ruinas
973 3195 1070 3247 tarnrn
1091 3203 1171 3248 ntrnc
1189 3185 1274 3268 quasi
1294 3203 1436 3268 piraeeum

271 3283 367 3346 inituri
384 3284 522 3365 potuerit.
566 3285 638 3348 Tam
655 3296 812 3368 promptos
831 3286 867 3349 ad
882 3287 1060 3350 credendum
1076 3287 1193 3350 animos
1209 3289 1245 3349 tle
1264 3287 1435 3351 huiusmodi
1518 3321 1522 3328 ·

272 3387 499 3468 propugnaculis
522 3387 644 3451 tleiiooro
668 3389 775 3452 trustra
800 3388 925 3452 curreris.
974 3389 1109 3453 tutorum
1130 3391 1268 3454 colmeret
1286 3389 1334 3452 blo
1353 3391 1435 3454 locus

273 3509 340 3552 rum
360 3491 451 3553 altero
473 3491 548 3554 baml
570 3491 669 3554 nrious
690 3500 844 3572 suspirato,
867 3489 936 3562 bil,
956 3493 1028 3566 666,
1050 3493 1080 3555 in
1100 3513 1159 3575 quo
1179 3495 1249 3557 item
1266 3492 1435 3556 Zenorlotus

272 3609 333 3654 non
354 3592 457 3655 iuiuriu
479 3593 642 3664 lraesitavit,
660 3594 726 3656 licet
746 3595 919 3657 uterlicioam
941 3614 1002 3658 non
1021 3595 1093 3658 setis
1112 3615 1256 3679 prospere
1271 3597 1434 3660 tentaterit.

272 3693 380 3775 iupiter
402 3695 496 3767 enim.
516 3697 764 3776 queanturlmorluru
786 3697 883 3778 patulo
903 3707 970 3762 ante
994 3697 1151 3770 lunonem,
1178 3701 1222 3762 sic
1242 3717 1322 3762 nunc
1341 3699 1433 3760 inter-

271 3797 344 3860 lerto
360 3799 532 3878 sarracene
546 3799 710 3882 Apollinem
726 3799 895 3880 alloquitor,
913 3819 1000 3882 quiem
1017 3801 1047 3864 iu
1066 3802 1116 3864 bla
1130 3802 1239 3863 seruari
1260 3818 1320 3863 non
1341 3801 1433 3882 nangis

269 3917 358 3980 quam
373 3900 450 3963 illam
467 3910 550 3982 parieta
567 3901 711 3966 itrrlimuit.
742 3903 817 3965 llino
827 3903 996 3965 'lenorlotus
1011 3922 1067 3984 pro
1083 3905 1210 3984 eoquod
1227 3921 1307 3967 nuno
1320 3903 1433 3984 legitur,

270 3995 326 4063 καὶ
356 3994 430 4064 rrir’
457 3995 653 4070 Ἀπόλλωνα
681 4001 835 4092 προσέφη
867 3998 1101 4092 νεφεληγερέτα
1130 4001 1228 4083 Zeis,
1259 4007 1304 4070 sic
1333 4009 1433 4091 potius

270 4103 457 4168 scribendum
476 4109 577 4181 strauit,
599 4105 657 4173 uui
676 4102 746 4173 τότ’
763 4100 817 4195 t'r'p'
831 4102 869 4188 ἐξ
886 4099 978 4194 Ἴδης
1000 4103 1153 4196 προσέφη
1172 4105 1256 4188 Zeis
1276 4099 1315 4174 lb
1335 4103 1435 4199 φίλον

272 4198 355 4284 rio'r,
374 4209 469 4270 «toleto
489 4209 574 4273 simol
595 4233 682 4276 rursu
697 4213 775 4288 ott,
797 4231 857 4294 quo
871 4211 908 4275 ab
924 4212 971 4276 lda
992 4211 1184 4300 deseentlisse
1198 4213 1303 4294 Apollo
1318 4214 1433 4280 ‹licitora

272 4309 312 4370 lle
336 4311 519 4374 correctione
544 4315 599 4377 ista
625 4317 802 4379 commolere
827 4317 965 4378 nolumus
991 4333 1059 4378 oum
1084 4317 1257 4380 adversariis
1282 4319 1434 4394 Zenodoti,

271 4413 380 4494 quibus
401 4413 554 4478 rirlieulum
570 4415 732 4492 rirlelutur.
752 4421 848 4483 lavem
869 4439 903 4482 eu
920 4419 968 4480 blo
984 4427 1086 4483 moute
1099 4421 1262 4502 Apollinem
1281 4423 1432 4488 absentem
