3078 4954
741 451 805 546 tot
838 541 855 548 Η

194 650 224 701 et
238 637 386 702 saevitiam
407 639 491 700 anxie
509 637 645 720 precibus
664 647 694 702 et
713 639 863 704 sacriticiis
884 639 999 721 plaeere
1018 646 1202 702 conarentur.
1246 637 1360 713 Quodsi

195 759 297 804 serum
313 749 368 815 est,
383 740 413 802 id
428 741 507 822 quod
522 747 569 803 est
583 760 654 804 saue
669 741 866 816 verissimum,
880 739 917 803 arl
932 757 1052 803 omnem
1067 738 1262 814 honestatem,
1277 739 1362 803 iusti·
1479 797 1484 806 .
1534 747 1537 756 ‘

194 842 281 916 bam,
304 843 541 924 temperantiam,
565 861 685 906 omnem
705 843 831 926 deniqne
850 843 987 906 virtutem
1008 841 1144 906 homines
1164 840 1310 904 retentus
1330 861 1364 904 ac

193 943 351 1026 praecipue
373 945 517 1027 hescbplo
540 946 693 1028 pervenire
716 946 781 1010 siue
803 947 926 1009 deomm
949 943 1056 1008 auxilio
1080 961 1141 1006 uon
1168 961 1259 1024 posse
1282 943 1363 1006 risos

193 1067 271 1123 esse,
287 1066 383 1132 neque
401 1049 525 1112 existere
544 1068 675 1131 unquam
695 1047 759 1114 illas
779 1047 918 1130 apietate
932 1047 1089 1122 seiunctas,
1104 1044 1294 1127 consequitur
1308 1063 1361 1108 ne·

193 1151 342 1226 cessario,
360 1149 496 1215 homines
515 1170 531 1214 a
548 1151 725 1215 Prometheo
745 1151 897 1215 institutos
917 1150 1064 1233 similique
1084 1167 1151 1231 erga
1173 1149 1245 1212 deos
1264 1146 1364 1210 ammo

194 1253 336 1338 impletos
356 1273 417 1318 non
437 1255 571 1337 potuisse
591 1255 657 1339 pios
676 1255 860 1337 deorumque
879 1261 1029 1329 amantes,
1049 1253 1173 1336 ideoque
1193 1271 1231 1316 ne
1250 1249 1364 1314 uirtutis

194 1358 317 1440 quidem
339 1369 427 1440 atque
446 1359 608 1425 honestetis
628 1369 782 1441 compotes
797 1379 872 1422 esse.
903 1362 997 1442 htque
1016 1360 1074 1422 boc
1089 1376 1178 1422 sensu
1194 1359 1224 1420 in
1240 1356 1366 1419 Prome·

195 1462 301 1526 thoum
322 1462 477 1526 convenire
496 1463 554 1527 dixi
573 1483 684 1527 nornen
705 1457 881 1546 διαβόλου,
904 1483 933 1545 p.
955 1463 1011 1538 53,
1036 1462 1179 1545 siquidem
1200 1461 1229 1524 id
1254 1477 1366 1523 nomen
1448 1523 1449 1528 ,

194 1583 265 1628 eum
282 1564 436 1646 siguificat,
451 1567 500 1648 qui
516 1567 635 1630 alicuius
650 1567 783 1631 animum
798 1567 834 1630 ab
849 1566 939 1631 alteru
955 1565 1104 1630 abalienat
1149 1563 1180 1626 td
1196 1563 1366 1626 llermanno
1386 1625 1387 1630 ,

194 1667 225 1730 in
245 1687 313 1731 earn
333 1668 508 1733 sententiam
529 1669 705 1752 detorquere
726 1669 846 1752 placuit,
865 1687 901 1731 ac
920 1667 946 1730 si
966 1668 1051 1749 plane
1070 1665 1280 1729 Prometheum
1299 1683 1367 1728 cum

195 1771 307 1833 Salano
330 1789 564 1853 comparassem,
590 1773 641 1854 qui
659 1782 688 1835 ot
708 1775 772 1854 ipso
792 1764 952 1854 desitiates
971 1768 1175 1833 adlocutionis
1195 1766 1367 1849 appellatur.

149 1883 178 1934 tr
196 1873 263 1954 ligo
278 1873 460 1936 abalienasse
474 1893 541 1937 eum
558 1874 695 1938 homines
710 1895 726 1938 a
742 1875 798 1937 diis
814 1872 882 1944 dixi,
897 1891 991 1952 eoque
1006 1875 1115 1935 iactum
1131 1888 1206 1942 esse,
1223 1879 1368 1932 uterere
1469 1899 1471 1904 =

196 1974 243 2037 ria
264 1973 305 2036 illi
327 1974 496 2037 aberrarent
515 1985 545 2037 et
563 1975 593 2037 in
613 1975 687 2038 nrala
708 1975 799 2037 multa
819 1973 994 2037 inciderent:
1011 1973 1197 2036 llermannus
1217 1978 1313 2034 autom
1329 1969 1369 2033 ita

197 2076 333 2156 loquitur
347 2095 377 2156 p.
392 2075 422 2148 o,
438 2094 473 2137 ac
486 2075 512 2137 si
528 2075 655 2139 voluisse
669 2095 736 2139 eum
753 2077 889 2138 homines
904 2076 940 2139 ad
955 2075 1124 2158 pravitatem
1140 2072 1273 2155 pellicere
1288 2070 1369 2134 dire·

198 2177 269 2240 rim.
301 2178 451 2250 Quantum
466 2177 561 2239 absim
576 2177 613 2239 ab
627 2179 683 2241 hac
693 2177 847 2254 sontemia,
862 2177 887 2239 si
903 2177 1002 2240 minus
1017 2177 1116 2241 omnis
1131 2195 1195 2238 mea
1210 2173 1369 2256 disputatio

198 2278 342 2352 docebat,
361 2297 396 2341 ex
416 2279 451 2342 iis
477 2289 555 2342 corte
574 2278 696 2359 intelligi
715 2278 827 2352 debuit,
853 2298 926 2360 quae
944 2279 1117 2343 'themidem
1142 2277 1288 2341 dicentem
1314 2276 1369 2340 leci

198 2381 356 2444 Prometh.
376 2381 464 2444 solut
485 2399 511 2443 r.
527 2379 714 2444 uus-618.
736 2379 929 2455 uua-694,
949 2391 978 2444 et
998 2400 1072 2462 quae
1091 2379 1160 2444 huic
1174 2379 1369 2442 Prometheus

198 2501 227 2544 v.
249 2482 313 2544 ‘ttt
336 2482 504 2563 respondet.
552 2483 626 2545 Nam
650 2491 845 2564 posteaquam
864 2482 1002 2563 exposuit
1021 2483 1157 2555 Themis,
1179 2499 1285 2544 omnes
1306 2481 1370 2543 illas

197 2593 290 2656 artes,
305 2601 379 2664 quas
395 2582 590 2646 Prometheus
605 2584 775 2647 bominibus
790 2583 953 2658 tradiderit,
968 2601 1029 2646 nou
1045 2583 1195 2645 obstitisse
1208 2580 1370 2662 quominus

196 2685 229 2748 bi
250 2683 334 2766 pravi
354 2703 387 2746 ac
406 2684 505 2747 miseri
524 2685 692 2760 eraderent,
714 2683 801 2766 idque
819 2693 974 2766 propterea
994 2683 1140 2760 evenisse,
1163 2683 1242 2767 quod
1262 2683 1370 2746 intem-

195 2787 316 2870 pestive
330 2786 392 2850 illas
407 2799 436 2850 et
450 2805 650 2870 praepropere
663 2787 846 2862 tradidisset,
861 2786 993 2868 poenitet
1007 2785 1217 2850 Prometheum
1233 2786 1299 2849 lacti
1315 2785 1371 2861 sui,

195 2899 228 2955 et
247 2889 427 2971 simtdatque
447 2889 604 2972 intelligere
623 2890 733 2972 cesepit,
752 2899 781 2953 et
799 2887 971 2972 sapientiam
992 2888 1023 2952 in
1045 2886 1113 2952 love
1131 2889 1290 2964 maiorem,
1315 2905 1372 2952 neo

196 2994 350 3058 minorem
369 3011 438 3074 erpa
457 2992 593 3058 homines
614 2993 844 3058 benevolentiam
865 3012 947 3064 esse,
968 2991 1068 3055 odisse
1082 2990 1180 3056 lovem
1201 2991 1310 3055 desinit
1323 3012 1371 3055 re-

197 3094 414 3177 conciliarique
438 3116 505 3160 cum
525 3118 561 3159 eo
581 3097 670 3179 cupit.
718 3097 793 3161 ilinc
813 3096 1002 3160 nranilestum
1022 3104 1080 3172 est,
1104 3104 1213 3177 quanta
1238 3096 1277 3159 sit
1296 3095 1373 3160 inter

196 3198 416 3263 Prometheum
431 3209 461 3262 et
475 3201 612 3263 Satanam
628 3200 847 3274 dissimilitudo,
857 3199 924 3262 licet
940 3199 1049 3282 pariter
1063 3207 1186 3280 uterque
1201 3191 1371 3281 deridebor,

195 3304 228 3367 h.
243 3323 272 3365 e.
284 3301 462 3367 abalienatur
476 3303 630 3367 hominum
645 3323 661 3366 a
677 3305 741 3380 deo,
756 3303 811 3367 diei
824 3303 961 3386 potuerit
991 3303 1070 3366 Alter
1085 3301 1163 3365 enim
1180 3319 1242 3365 non
1257 3302 1373 3367 minore

195 3407 229 3472 in
247 3407 388 3471 homines
408 3425 495 3487 quam
511 3407 540 3469 in
556 3407 643 3470 doum
659 3407 728 3470 odio
744 3406 883 3470 incensus
902 3415 962 3482 est,
977 3407 1063 3482 alter,
1079 3424 1169 3488 quum
1187 3407 1284 3469 lovem
1304 3405 1372 3486 qui·

195 3513 271 3575 dem
291 3519 462 3592 ceterosque
482 3509 553 3572 deos
574 3510 679 3584 oderit,
699 3509 854 3574 hominum
874 3518 973 3573 tamon
988 3517 1035 3572 est
1048 3509 1284 3573 amantissimus:
1300 3510 1372 3573 alter

197 3614 303 3678 sciens
322 3612 481 3694 volensque
501 3613 636 3677 homines
655 3614 690 3676 ad
713 3613 882 3695 pravitatem
903 3611 1023 3696 pellicit,
1037 3632 1096 3695 quo
1112 3630 1165 3675 eos
1185 3611 1311 3676 miseros
1328 3613 1372 3676 la-

197 3719 270 3790 ciat,
285 3716 357 3780 alter
370 3715 537 3780 cousrrltum
558 3717 729 3781 bominibus
749 3718 822 3792 vult,
843 3716 896 3780 sed
911 3716 1031 3798 ignarus
1046 3714 1268 3780 remorationis
1289 3733 1323 3778 ea
1337 3713 1373 3776 iis

197 3817 344 3886 benehch
360 3819 462 3895 tradit,
482 3837 557 3902 quae
572 3820 723 3884 rideantur
737 3821 855 3904 quidem
871 3837 932 3884 nou
952 3820 1013 3882 sint
1030 3828 1129 3884 eutem
1144 3837 1210 3882 rere
1223 3817 1373 3894 beneficio,

199 3925 257 3990 sed
274 3923 423 4006 prostratis
438 3923 538 4007 potius
553 3933 583 3987 et
598 3924 741 3988 stratorum
757 3924 907 3999 alimento,
923 3923 1033 3986 scilicet
1047 3921 1073 3985 si
1089 3920 1134 3984 illa
1154 3921 1218 3984 sola
1234 3921 1374 3986 homines

198 4027 340 4100 habeant,
355 4043 417 4090 non
427 4026 571 4092 atliunctis
585 4028 649 4091 aliis
664 4027 752 4090 bunis
764 4024 936 4099 maioribus,
952 4023 989 4087 de
1003 4023 1111 4106 quibus
1123 4041 1184 4087 non
1197 4022 1373 4110 cogitaverat

201 4128 402 4192 Prometheus
417 4147 512 4210 neque
526 4130 676 4212 impertire
690 4131 755 4213 ipse
774 4148 808 4192 ea
819 4126 991 4190 homiuibus
1007 4135 1151 4208 potuerat.
1195 4125 1270 4192 Hinc
1284 4127 1374 4192 simul

201 4229 296 4294 etiam
321 4229 390 4292 ihud
416 4229 596 4314 intelhgitur,
622 4252 709 4316 quam
735 4249 804 4295 rere
822 4229 1010 4294 hermanum
1036 4249 1066 4312 p.
1087 4229 1107 4294 6
1133 4249 1182 4294 me
1206 4231 1374 4314 postulasse
1407 4301 1411 4308 ,

202 4329 366 4413 signitioet,
401 4342 434 4394 ut
467 4351 583 4398 morum
613 4333 788 4417 virtutisque
821 4342 976 4416 praecepta
1005 4332 1203 4398 Prometheus
1236 4332 1372 4398 traderet
1444 4391 1446 4394 .

203 4435 312 4516 Neque
330 4431 389 4496 dixi
409 4450 537 4515 unqmm
557 4437 664 4520 aliquid
678 4434 839 4510 eiusmodi,
860 4453 916 4500 uec
934 4435 1017 4519 potui
1035 4438 1170 4519 prolecto
1185 4435 1295 4513 dicere,
1314 4435 1372 4501 nisi
