3078 4954
379 629 416 699 ἐκ
436 629 501 696 τῶν
522 625 649 714 ὁμοίων
668 627 755 718 χειρὶ
777 622 943 719 νικήσαντ’
964 627 1047 718 ἐμοῦ

379 726 507 822 ῦρχειν·
529 728 588 798 ἐὰν
609 729 648 799 δὲ
668 727 860 818 τοῦμπαλιν
880 728 997 822 κραίνῃ
1021 731 1119 816 θεός,

379 832 495 921 γνώσει
519 831 699 916 διδαχθεὶς
721 829 790 922 ὀψὲ
812 833 889 920 γοῦν
908 834 949 900 τὸ
970 841 1161 925 σωφρονεῖν.

181 942 298 1018 Qualem
315 943 372 1005 iere
388 941 563 1004 sententiam
579 951 733 1004 conterius
751 939 893 1023 postulet,
913 959 974 1004 non
996 943 1157 1006 obscurum
1180 951 1240 1005 esi:
1262 943 1347 1005 talem

181 1045 298 1109 soiiioei:
318 1046 451 1109 suadeo
472 1043 536 1109 nui
556 1044 766 1108 iuniusrnorii
788 1044 987 1108 ministrum
1008 1046 1145 1111 demum
1161 1045 1227 1120 uri,
1247 1045 1277 1108 si
1294 1065 1346 1109 une

181 1149 405 1231 superaveris
421 1147 685 1231 imperiumque
706 1155 830 1211 noctus
848 1149 976 1226 fuerisq
997 1149 1105 1231 quibus
1121 1150 1189 1213 dein
1210 1157 1277 1232 apte
1292 1168 1349 1232 op·

182 1253 311 1334 ponitur:
338 1253 394 1316 sin
421 1263 547 1315 eontra
574 1252 662 1315 deris
689 1253 829 1328 iecerit,
855 1257 981 1334 (nempe
1002 1263 1035 1317 αι
1054 1273 1109 1333 ego
1132 1263 1158 1315 ιι
1180 1256 1349 1335 superem)

182 1374 259 1420 sero
275 1375 400 1438 sapere
416 1355 547 1419 disces.
577 1355 635 1419 Sed
651 1357 681 1418 in
705 1354 840 1419 codicum
862 1355 1009 1438 scriptura
1030 1375 1125 1438 neque
1140 1356 1281 1419 sententia
1296 1373 1349 1418 ne-

181 1479 235 1542 que
253 1459 433 1523 constructio
455 1460 612 1523 uerborum
633 1460 710 1523 iusta
731 1459 852 1541 agnosci
879 1468 987 1542 potest.
1026 1460 1159 1524 Primum
1180 1459 1258 1523 enirn
1280 1461 1351 1523 hano

182 1563 263 1628 rerba
278 1555 324 1641 ιῦς
346 1557 658 1652 παρεσκευασμένης
679 1557 761 1646 ἐμοῦ
775 1552 897 1648 ῦρχειν,
914 1583 989 1645 qnae
1005 1563 1076 1629 nihii
1092 1565 1169 1629 eliud
1186 1564 1350 1646 significare

182 1678 318 1751 possunt,
333 1686 435 1750 quem:
453 1678 490 1733 ιιι
509 1687 599 1752 quae
620 1677 749 1751 peruia
773 1668 842 1732 siun
859 1667 1053 1750 imperare,
1068 1667 1208 1733 hocloco
1224 1686 1350 1752 quorsus·
1450 1711 1451 1714 ,

180 1773 273 1857 iuopia
295 1792 361 1836 osse
380 1782 511 1856 apparot
555 1773 612 1850 Qui
632 1773 730 1856 potnit
748 1772 827 1837 enirn
843 1773 1070 1856 Clytaemnestra
1094 1774 1217 1838 chorum
1240 1774 1276 1836 ari
1293 1773 1350 1837 nri·

182 1878 307 1942 ruminm
324 1895 490 1960 provocans
512 1878 568 1941 hae
587 1877 702 1941 ratione
723 1877 875 1960 u1i‚quo‹i
897 1877 959 1961 ipsa
980 1877 1015 1940 nri
1031 1877 1235 1960 imperandum
1252 1886 1351 1959 quarata

181 1981 279 2047 roseti
300 1981 423 2058 Deinde,
438 1981 552 2045 etiamsi
567 1981 671 2064 aliquis
688 1981 744 2045 isia
759 1971 805 2058 ὥς
820 1973 1130 2068 παρεσκευασμένης
1143 1974 1225 2061 ἐμοῦ
1240 1972 1353 2065 ῦρχειν

183 2087 248 2150 ferri
264 2097 501 2170 nemorensem,
517 2094 614 2148 nmen
629 2083 699 2168 quiri
713 2084 770 2148 sibi
786 2083 874 2148 uelint
888 2085 976 2161 haee,
991 2105 1065 2168 quae
1081 2084 1255 2168 interposita
1271 2095 1350 2154 sunl.

99 2271 103 2284 ι
181 2184 267 2277 χειρὶ
289 2179 454 2276 νικήσαντ’
476 2208 564 2254 nemo
588 2189 699 2253 dixerit.
734 2189 808 2253 Nam
828 2189 888 2252 sire
910 2189 1054 2264 dativum,
1074 2182 1261 2274 νικήσαντι,
1284 2210 1353 2254 esso

183 2293 300 2370 statuis,
322 2293 383 2356 siue
402 2293 615 2370 accusativum,
636 2286 831 2378 νικήσαντα,
851 2293 961 2374 pariter
983 2303 1011 2357 ιι
1026 2291 1176 2356 collocatio
1193 2293 1351 2358 uerborum

182 2407 209 2458 ιι
227 2397 373 2460 sententia
393 2415 533 2479 peruersa
554 2405 610 2461 ιει.
654 2397 728 2460 Nam
750 2397 831 2478 quoii
852 2395 1038 2460 Hermannua
1061 2397 1138 2460 hano
1159 2397 1351 2480 stribliginem

183 2500 329 2563 ferendam
346 2509 443 2562 tamen
459 2509 542 2582 putat
555 2507 642 2582 etque
661 2499 705 2562 sio
720 2499 983 2580 interpretandam:
1004 2499 1109 2563 iubeo
1129 2510 1164 2562 ιι
1184 2500 1266 2563 ialin
1286 2501 1351 2564 mi·

183 2601 273 2677 nari,
288 2609 325 2663 ιιι
340 2620 392 2664 me
406 2611 527 2684 parata
542 2602 725 2686 imperare
740 2601 840 2678 mihi,
854 2601 911 2684 qui
926 2601 1087 2666 vicissim
1102 2621 1156 2666 me
1168 2601 1198 2665 ri
1214 2602 1355 2677 vicerit,

182 2705 266 2787 iique
281 2723 362 2767 esse:
378 2705 529 2781 minitare,
544 2705 569 2768 si
585 2705 670 2781 iihei3
685 2725 740 2787 ego
756 2714 856 2788 parata
870 2724 957 2780 sum,
972 2705 1014 2784 si,
1031 2706 1282 2787 quemadmodum
1298 2727 1352 2789 ego

67 2831 69 2834 ·
181 2827 259 2872 nunc
269 2808 419 2891 potentior
433 2827 519 2884 sum,
539 2809 582 2873 sio
596 2818 628 2873 tu
648 2808 829 2886 menineris,
850 2812 924 2873 ferro
943 2809 1115 2892 imperium:
1139 2809 1275 2892 equidem
1298 2811 1353 2874 ieta

181 2912 265 2975 uanus
280 2931 341 2976 non
359 2912 457 2976 minus
472 2932 561 2995 quarn
577 2933 679 2996 graeca
694 2931 832 2996 perverso
847 2913 923 2977 diota
939 2931 1006 2975 esse
1021 2913 1159 2976 arbirror.
1190 2911 1264 2988 Quis
1274 2913 1352 2976 eninr

183 3032 309 3097 unquam
325 3013 415 3077 uixit:
435 3025 559 3097 parata
579 3035 656 3079 sum
678 3013 765 3079 mibi
784 3015 963 3097 imperare
983 3013 1136 3096 aliquem
1153 3033 1208 3097 pro
1222 3035 1258 3078 eo
1274 3016 1354 3097 quod

182 3124 361 3199 estparate
387 3136 463 3181 sum
489 3117 647 3181 alieuius
667 3117 863 3200 imperium
889 3119 1049 3180 terreant
1074 3115 1180 3180 alicui
1206 3135 1354 3198 parere:

142 3235 168 3286 ln
187 3215 472 3306 παρεσκευασμένη
496 3211 568 3302 εἰμὶ
589 3211 701 3304 ῦρχειν
715 3200 791 3282 τινᾶ
807 3212 890 3299 ἐμοῦ
904 3237 960 3302 pro
976 3207 1143 3304 ἄρχεσθαι
1158 3213 1226 3283 ῦπό
1240 3218 1355 3298 aranei

185 3358 223 3370 -
237 3323 368 3387 Aliorum
385 3324 540 3387 sonamina
555 3323 665 3387 referre
680 3321 761 3384 noio.
790 3320 1034 3386 Emendationem
1051 3321 1135 3385 iocus
1147 3324 1245 3406 posuit
1258 3324 1354 3388 haud-

184 3443 328 3507 quaquam
342 3423 505 3488 difficilem:

789 3519 874 3610 λέγω
897 3520 937 3592 δέ
957 3546 1012 3594 σοι

382 3622 511 3695 τοιαῦτ’
536 3622 688 3696 ἀπειλεῖν
709 3621 756 3708 ὠς
779 3627 1079 3719 παρεσκευασμένῳ

383 3727 420 3799 ἐκ
441 3731 510 3799 τῶν
531 3727 657 3817 ὁμοίων
678 3728 765 3820 χειρὶ
788 3725 959 3822 νικήσαντ’
979 3728 1060 3818 ἐμοῦ

382 3859 494 3925 αρχειν
515 3873 572 3902 -.

183 3947 209 4006 ιι.
225 3967 250 4008 ι.
266 3959 332 4025 ege·
347 3959 445 4018 uero,
466 3942 604 4006 minare
626 3942 729 4018 mihi,
751 3941 884 4025 quippe
904 3960 1010 4024 quum
1032 3951 1066 4006 ιι
1087 3950 1251 4025 paratum
1272 3964 1353 4007 esse

182 4045 315 4108 rideam
342 4043 376 4109 in
399 4045 595 4132 certamino
614 4044 738 4126 aequis
757 4043 899 4108 uiribus
919 4044 1156 4128 suscipiendo
1176 4066 1229 4110 me
1244 4064 1352 4130 supe·

183 4165 267 4209 rare.
294 4146 330 4209 Ει
344 4158 466 4230 apparet
479 4149 538 4212 hoo
553 4147 715 4231 „quippe
729 4165 836 4230 quum
847 4153 865 4182 ‘⁴
881 4166 948 4210 cum
960 4148 1064 4212 acerba
1076 4150 1201 4230 quodam
1218 4148 1354 4215 irrisione

183 4247 252 4310 diei:
272 4266 454 4330 nequaquam
477 4250 555 4314 enirn
581 4269 668 4314 senes
687 4249 753 4313 iilos
774 4257 887 4314 tantum
902 4249 998 4313 valere
1013 4247 1134 4329 iudicat,
1156 4262 1190 4316 ui
1204 4263 1353 4316 certarnen

183 4367 283 4426 „orum
309 4351 408 4430 aequis
434 4349 543 4414 uiribus
566 4352 639 4417 inire
664 4351 876 4434 vinoriamque
896 4369 1017 4434 sperare
1039 4353 1167 4436 possim,
1209 4345 1265 4417 Ἐκ
1286 4343 1353 4414 τῶν

182 4441 306 4533 ὁμοίιον
320 4468 382 4517 non
393 4462 439 4515 ιιι
453 4451 631 4532 εἰιίεείιο,
644 4454 897 4538 quemadmodum
912 4453 1100 4518 iiermnnnus
1114 4455 1219 4531 voluit,
1234 4453 1304 4528 sed,
1319 4463 1353 4517 ιιι
