<?xml version="1.0" encoding="UTF-8"?>
<!DOCTYPE html PUBLIC "-//W3C//DTD XHTML 1.0 Transitional//EN"
    "http://www.w3.org/TR/xhtml1/DTD/xhtml1-transitional.dtd">
<html xmlns="http://www.w3.org/1999/xhtml" xml:lang="en" lang="en">
 <head>
  <title>
</title>
<meta http-equiv="Content-Type" content="text/html;charset=utf-8" />
  <meta name='ocr-system' content='tesseract 3.04.00' />
  <meta name='ocr-capabilities' content='ocr_page ocr_carea ocr_par ocr_line ocrx_word'/>
</head>
<body>
  <div class='ocr_page' id='page_1' title='image "./opusculaacademi01schgoog_0037.png"; bbox 0 0 3106 4958; ppageno 0'>
   <div class='ocr_carea' id='block_1_1' title="bbox 732 422 772 487">
    <p class='ocr_par' dir='ltr' id='par_1_1' title="bbox 732 422 772 487">
     <span class='ocr_line' id='line_1_1' title="bbox 732 422 772 487; baseline 0.025 -1"><span class='ocrx_word' id='word_1_1' title='bbox 732 422 772 487; x_wconf 76' lang='lat'>25</span> 
     </span>
    </p>
   </div>
   <div class='ocr_carea' id='block_1_2' title="bbox 62 609 1393 4288">
    <p class='ocr_par' dir='ltr' id='par_1_2' title="bbox 78 609 1340 1934">
     <span class='ocr_line' id='line_1_2' title="bbox 78 609 1338 694; baseline -0.003 -18"><span class='ocrx_word' id='word_1_2' title='bbox 78 612 81 620; x_wconf 86' lang='lat'>&#39;</span> <span class='ocrx_word' id='word_1_3' title='bbox 177 632 265 694; x_wconf 83' lang='lat' dir='ltr'>quam</span> <span class='ocrx_word' id='word_1_4' title='bbox 286 612 332 676; x_wconf 87' lang='lat' dir='ltr'>ibe</span> <span class='ocrx_word' id='word_1_5' title='bbox 346 613 561 679; x_wconf 77' lang='lat' dir='ltr'>nationalem</span> <span class='ocrx_word' id='word_1_6' title='bbox 582 613 755 676; x_wconf 87' lang='lat' dir='ltr'>tbeorlam</span> <span class='ocrx_word' id='word_1_7' title='bbox 775 609 860 686; x_wconf 88' lang='lat' dir='ltr'>dicit,</span> <span class='ocrx_word' id='word_1_8' title='bbox 874 644 915 658; x_wconf 92' lang='lat'><em>-</em></span> <span class='ocrx_word' id='word_1_9' title='bbox 931 629 1018 693; x_wconf 85' lang='lat' dir='ltr'>quam</span> <span class='ocrx_word' id='word_1_10' title='bbox 1034 610 1071 674; x_wconf 88' lang='lat' dir='ltr'>ab</span> <span class='ocrx_word' id='word_1_11' title='bbox 1086 611 1259 673; x_wconf 80' lang='lat' dir='ltr'>aduersariis</span> <span class='ocrx_word' id='word_1_12' title='bbox 1277 629 1338 672; x_wconf 85' lang='lat' dir='ltr'>troo</span> 
     </span>
     <span class='ocr_line' id='line_1_3' title="bbox 177 711 1337 802; baseline -0.003 -24"><span class='ocrx_word' id='word_1_13' title='bbox 177 715 247 779; x_wconf 87' lang='lat' dir='ltr'>satis</span> <span class='ocrx_word' id='word_1_14' title='bbox 263 715 492 781; x_wconf 76' lang='lat' dir='ltr'>animadversam</span> <span class='ocrx_word' id='word_1_15' title='bbox 507 737 574 782; x_wconf 90' lang='lat' dir='ltr'>esse</span> <span class='ocrx_word' id='word_1_16' title='bbox 588 716 739 802; x_wconf 17' lang='lat' dir='ltr'>queritur*</span> <span class='ocrx_word' id='word_1_17' title='bbox 756 714 831 778; x_wconf 75' lang='lat' dir='ltr'>Nolo</span> <span class='ocrx_word' id='word_1_18' title='bbox 847 733 926 778; x_wconf 89' lang='lat' dir='ltr'>nunc</span> <span class='ocrx_word' id='word_1_19' title='bbox 939 711 1100 776; x_wconf 75' lang='lat' dir='ltr'>accuratius</span> <span class='ocrx_word' id='word_1_20' title='bbox 1116 712 1146 774; x_wconf 91' lang='lat' dir='ltr'>io</span> <span class='ocrx_word' id='word_1_21' title='bbox 1161 713 1238 776; x_wconf 80' lang='lat' dir='ltr'>lianc</span> <span class='ocrx_word' id='word_1_22' title='bbox 1254 715 1337 776; x_wconf 85' lang='lat' dir='ltr'>tloo·</span> 
     </span>
     <span class='ocr_line' id='line_1_4' title="bbox 177 814 1338 903; baseline 0.002 -21"><span class='ocrx_word' id='word_1_23' title='bbox 177 819 251 883; x_wconf 85' lang='lat' dir='ltr'>riom</span> <span class='ocrx_word' id='word_1_24' title='bbox 264 819 419 902; x_wconf 77' lang='lat' dir='ltr'>inquirere,</span> <span class='ocrx_word' id='word_1_25' title='bbox 434 839 526 903; x_wconf 86' lang='lat' dir='ltr'>quum</span> <span class='ocrx_word' id='word_1_26' title='bbox 542 821 716 902; x_wconf 88' lang='lat' dir='ltr'>praesertim</span> <span class='ocrx_word' id='word_1_27' title='bbox 732 837 794 883; x_wconf 90' lang='lat' dir='ltr'>rem</span> <span class='ocrx_word' id='word_1_28' title='bbox 807 837 926 881; x_wconf 91' lang='lat' dir='ltr'>omnem</span> <span class='ocrx_word' id='word_1_29' title='bbox 938 814 1082 880; x_wconf 87' lang='lat' dir='ltr'>eiusmodi</span> <span class='ocrx_word' id='word_1_30' title='bbox 1094 835 1161 878; x_wconf 87' lang='lat' dir='ltr'>esse</span> <span class='ocrx_word' id='word_1_31' title='bbox 1172 815 1338 897; x_wconf 74' lang='lat' dir='ltr'><strong>intelligam.</strong></span> 
     </span>
     <span class='ocr_line' id='line_1_5' title="bbox 178 918 1338 1006; baseline -0.005 -20"><span class='ocrx_word' id='word_1_32' title='bbox 178 941 252 1004; x_wconf 86' lang='lat' dir='ltr'>quae</span> <span class='ocrx_word' id='word_1_33' title='bbox 267 924 303 986; x_wconf 89' lang='lat' dir='ltr'>ad</span> <span class='ocrx_word' id='word_1_34' title='bbox 316 923 460 1006; x_wconf 87' lang='lat' dir='ltr'>liquidum</span> <span class='ocrx_word' id='word_1_35' title='bbox 475 924 594 1006; x_wconf 89' lang='lat' dir='ltr'>perduci</span> <span class='ocrx_word' id='word_1_36' title='bbox 609 923 755 1004; x_wconf 88' lang='lat' dir='ltr'>certisque</span> <span class='ocrx_word' id='word_1_37' title='bbox 769 920 949 1002; x_wconf 76' lang='lat' dir='ltr'>argumentis</span> <span class='ocrx_word' id='word_1_38' title='bbox 961 918 1156 982; x_wconf 82' lang='lat' dir='ltr'>demonstrari</span> <span class='ocrx_word' id='word_1_39' title='bbox 1172 920 1217 982; x_wconf 80' lang='lat' dir='ltr'>rix</span> <span class='ocrx_word' id='word_1_40' title='bbox 1232 921 1338 1002; x_wconf 79' lang='lat' dir='ltr'>possut.</span> 
     </span>
     <span class='ocr_line' id='line_1_6' title="bbox 177 1022 1337 1104; baseline -0.004 -15"><span class='ocrx_word' id='word_1_41' title='bbox 177 1026 295 1090; x_wconf 91' lang='lat' dir='ltr'>lnterim</span> <span class='ocrx_word' id='word_1_42' title='bbox 310 1027 348 1090; x_wconf 87' lang='lat' dir='ltr'>ab</span> <span class='ocrx_word' id='word_1_43' title='bbox 364 1027 420 1090; x_wconf 85' lang='lat' dir='ltr'>bac</span> <span class='ocrx_word' id='word_1_44' title='bbox 433 1027 459 1090; x_wconf 83' lang='lat' dir='ltr'>si</span> <span class='ocrx_word' id='word_1_45' title='bbox 474 1025 661 1101; x_wconf 79' lang='lat' dir='ltr'>discesseris,</span> <span class='ocrx_word' id='word_1_46' title='bbox 678 1025 709 1088; x_wconf 89' lang='lat' dir='ltr'>in</span> <span class='ocrx_word' id='word_1_47' title='bbox 723 1025 892 1088; x_wconf 82' lang='lat' dir='ltr'>uniuersum</span> <span class='ocrx_word' id='word_1_48' title='bbox 908 1022 1052 1104; x_wconf 76' lang='lat' dir='ltr'>spectanti</span> <span class='ocrx_word' id='word_1_49' title='bbox 1067 1022 1163 1104; x_wconf 91' lang='lat' dir='ltr'>paullo</span> <span class='ocrx_word' id='word_1_50' title='bbox 1178 1023 1261 1104; x_wconf 87' lang='lat' dir='ltr'>plura</span> <span class='ocrx_word' id='word_1_51' title='bbox 1276 1023 1337 1084; x_wconf 81' lang='lat' dir='ltr'>viro</span> 
     </span>
     <span class='ocr_line' id='line_1_7' title="bbox 177 1125 1337 1208; baseline -0.003 -16"><span class='ocrx_word' id='word_1_52' title='bbox 177 1128 351 1193; x_wconf 87' lang='lat' dir='ltr'>doctissimo</span> <span class='ocrx_word' id='word_1_53' title='bbox 363 1149 431 1193; x_wconf 88' lang='lat' dir='ltr'>cunt</span> <span class='ocrx_word' id='word_1_54' title='bbox 443 1129 615 1194; x_wconf 84' lang='lat' dir='ltr'>atluersarils</span> <span class='ocrx_word' id='word_1_55' title='bbox 628 1129 796 1193; x_wconf 86' lang='lat' dir='ltr'>communia</span> <span class='ocrx_word' id='word_1_56' title='bbox 811 1139 891 1202; x_wconf 86' lang='lat' dir='ltr'>sunt,</span> <span class='ocrx_word' id='word_1_57' title='bbox 907 1145 995 1208; x_wconf 89' lang='lat' dir='ltr'>quam</span> <span class='ocrx_word' id='word_1_58' title='bbox 1008 1125 1074 1208; x_wconf 92' lang='lat' dir='ltr'>quis</span> <span class='ocrx_word' id='word_1_59' title='bbox 1089 1125 1186 1208; x_wconf 93' lang='lat' dir='ltr'>primo</span> <span class='ocrx_word' id='word_1_60' title='bbox 1197 1127 1337 1208; x_wconf 76' lang='lat' dir='ltr'>adspectu</span> 
     </span>
     <span class='ocr_line' id='line_1_8' title="bbox 178 1226 1337 1315; baseline 0 -21"><span class='ocrx_word' id='word_1_61' title='bbox 178 1231 283 1295; x_wconf 80' lang='lat' dir='ltr'>credat</span> <span class='ocrx_word' id='word_1_62' title='bbox 314 1231 388 1295; x_wconf 82' lang='lat' dir='ltr'>Nam</span> <span class='ocrx_word' id='word_1_63' title='bbox 404 1251 492 1296; x_wconf 87' lang='lat' dir='ltr'>usum</span> <span class='ocrx_word' id='word_1_64' title='bbox 507 1253 572 1297; x_wconf 86' lang='lat' dir='ltr'>esse</span> <span class='ocrx_word' id='word_1_65' title='bbox 584 1232 745 1296; x_wconf 88' lang='lat' dir='ltr'>llomerum</span> <span class='ocrx_word' id='word_1_66' title='bbox 757 1233 785 1295; x_wconf 93' lang='lat' dir='ltr'>in</span> <span class='ocrx_word' id='word_1_67' title='bbox 799 1226 1005 1315; x_wconf 88' lang='lat' dir='ltr'>componendo</span> <span class='ocrx_word' id='word_1_68' title='bbox 1016 1229 1198 1293; x_wconf 83' lang='lat' dir='ltr'>lliodeetiam</span> <span class='ocrx_word' id='word_1_69' title='bbox 1211 1229 1337 1313; x_wconf 89' lang='lat' dir='ltr'>antiqui·</span> 
     </span>
     <span class='ocr_line' id='line_1_9' title="bbox 178 1331 1338 1416; baseline 0.001 -19"><span class='ocrx_word' id='word_1_70' title='bbox 178 1334 281 1399; x_wconf 86' lang='lat' dir='ltr'>oribus</span> <span class='ocrx_word' id='word_1_71' title='bbox 303 1335 497 1410; x_wconf 78' lang='lat' dir='ltr'>carminibus,</span> <span class='ocrx_word' id='word_1_72' title='bbox 518 1335 681 1399; x_wconf 82' lang='lat' dir='ltr'>b&#39;itrscbios</span> <span class='ocrx_word' id='word_1_73' title='bbox 701 1335 848 1406; x_wconf 80' lang='lat' dir='ltr'>conoedit,</span> <span class='ocrx_word' id='word_1_74' title='bbox 868 1353 963 1416; x_wconf 88' lang='lat' dir='ltr'>neque</span> <span class='ocrx_word' id='word_1_75' title='bbox 977 1332 1141 1396; x_wconf 73' lang='lat' dir='ltr'>absolutam</span> <span class='ocrx_word' id='word_1_76' title='bbox 1156 1332 1192 1396; x_wconf 92' lang='lat' dir='ltr'>ab</span> <span class='ocrx_word' id='word_1_77' title='bbox 1208 1331 1338 1398; x_wconf 87' lang='lat' dir='ltr'>llomero</span> 
     </span>
     <span class='ocr_line' id='line_1_10' title="bbox 180 1436 1338 1522; baseline 0 -22"><span class='ocrx_word' id='word_1_78' title='bbox 180 1437 269 1502; x_wconf 85' lang='lat' dir='ltr'>totius</span> <span class='ocrx_word' id='word_1_79' title='bbox 284 1439 381 1503; x_wconf 87' lang='lat' dir='ltr'>iliadis</span> <span class='ocrx_word' id='word_1_80' title='bbox 400 1439 621 1522; x_wconf 84' lang='lat' dir='ltr'>perpetuitatem</span> <span class='ocrx_word' id='word_1_81' title='bbox 641 1459 707 1503; x_wconf 87' lang='lat' dir='ltr'>esso</span> <span class='ocrx_word' id='word_1_82' title='bbox 727 1437 889 1514; x_wconf 85' lang='lat' dir='ltr'>contendit,</span> <span class='ocrx_word' id='word_1_83' title='bbox 914 1436 965 1500; x_wconf 89' lang='lat' dir='ltr'>sed</span> <span class='ocrx_word' id='word_1_84' title='bbox 982 1441 1080 1520; x_wconf 73' lang='lat' dir='ltr'>portel</span> <span class='ocrx_word' id='word_1_85' title='bbox 1099 1447 1214 1500; x_wconf 89' lang='lat' dir='ltr'>tantum</span> <span class='ocrx_word' id='word_1_86' title='bbox 1227 1437 1338 1519; x_wconf 79' lang='lat' dir='ltr'>aliquot</span> 
     </span>
     <span class='ocr_line' id='line_1_11' title="bbox 179 1539 1338 1625; baseline 0 -21"><span class='ocrx_word' id='word_1_87' title='bbox 179 1540 304 1606; x_wconf 85' lang='lat' dir='ltr'>maiores</span> <span class='ocrx_word' id='word_1_88' title='bbox 324 1543 439 1606; x_wconf 88' lang='lat' dir='ltr'>interno</span> <span class='ocrx_word' id='word_1_89' title='bbox 458 1543 584 1625; x_wconf 86' lang='lat' dir='ltr'>quodam</span> <span class='ocrx_word' id='word_1_90' title='bbox 601 1542 716 1607; x_wconf 83' lang='lat' dir='ltr'>uinculo</span> <span class='ocrx_word' id='word_1_91' title='bbox 737 1541 811 1604; x_wconf 90' lang='lat' dir='ltr'>inter</span> <span class='ocrx_word' id='word_1_92' title='bbox 826 1561 859 1604; x_wconf 91' lang='lat' dir='ltr'>se</span> <span class='ocrx_word' id='word_1_93' title='bbox 877 1539 1064 1613; x_wconf 86' lang='lat' dir='ltr'>coniunctas,</span> <span class='ocrx_word' id='word_1_94' title='bbox 1091 1539 1225 1602; x_wconf 90' lang='lat' dir='ltr'>nondum</span> <span class='ocrx_word' id='word_1_95' title='bbox 1240 1550 1338 1604; x_wconf 89' lang='lat' dir='ltr'>tamen</span> 
     </span>
     <span class='ocr_line' id='line_1_12' title="bbox 178 1641 1339 1728; baseline -0.002 -20"><span class='ocrx_word' id='word_1_96' title='bbox 178 1645 265 1708; x_wconf 89' lang='lat' dir='ltr'>etiam</span> <span class='ocrx_word' id='word_1_97' title='bbox 287 1647 316 1708; x_wconf 91' lang='lat' dir='ltr'>in</span> <span class='ocrx_word' id='word_1_98' title='bbox 344 1646 430 1710; x_wconf 88' lang='lat' dir='ltr'>unius</span> <span class='ocrx_word' id='word_1_99' title='bbox 456 1645 590 1728; x_wconf 87' lang='lat' dir='ltr'>corporis</span> <span class='ocrx_word' id='word_1_100' title='bbox 616 1663 788 1728; x_wconf 85' lang='lat' dir='ltr'>compagem</span> <span class='ocrx_word' id='word_1_101' title='bbox 815 1663 970 1708; x_wconf 81' lang='lat' dir='ltr'>connexas.</span> <span class='ocrx_word' id='word_1_102' title='bbox 1018 1643 1109 1723; x_wconf 88' lang='lat' dir='ltr'>igitur</span> <span class='ocrx_word' id='word_1_103' title='bbox 1134 1641 1222 1706; x_wconf 84' lang='lat' dir='ltr'>tutius</span> <span class='ocrx_word' id='word_1_104' title='bbox 1242 1643 1339 1707; x_wconf 85' lang='lat' dir='ltr'>iliadis</span> 
     </span>
     <span class='ocr_line' id='line_1_13' title="bbox 179 1746 1339 1830; baseline 0.001 -21"><span class='ocrx_word' id='word_1_105' title='bbox 179 1747 304 1811; x_wconf 89' lang='lat' dir='ltr'>lormam</span> <span class='ocrx_word' id='word_1_106' title='bbox 326 1758 411 1830; x_wconf 79' lang='lat' dir='ltr'>etque</span> <span class='ocrx_word' id='word_1_107' title='bbox 432 1748 570 1812; x_wconf 86' lang='lat' dir='ltr'>unitatem</span> <span class='ocrx_word' id='word_1_108' title='bbox 587 1757 683 1811; x_wconf 90' lang='lat' dir='ltr'>mente</span> <span class='ocrx_word' id='word_1_109' title='bbox 697 1757 784 1828; x_wconf 86' lang='lat' dir='ltr'>atque</span> <span class='ocrx_word' id='word_1_110' title='bbox 799 1747 897 1810; x_wconf 88' lang='lat' dir='ltr'>animo</span> <span class='ocrx_word' id='word_1_111' title='bbox 912 1757 1017 1828; x_wconf 80' lang='lat' dir='ltr'>pomae</span> <span class='ocrx_word' id='word_1_112' title='bbox 1035 1746 1137 1827; x_wconf 85' lang='lat' dir='ltr'>potius</span> <span class='ocrx_word' id='word_1_113' title='bbox 1150 1747 1339 1828; x_wconf 78' lang='lat' dir='ltr'>designatam,</span> 
     </span>
     <span class='ocr_line' id='line_1_14' title="bbox 179 1849 1340 1934; baseline 0.003 -26"><span class='ocrx_word' id='word_1_114' title='bbox 179 1869 267 1932; x_wconf 74' lang='lat' dir='ltr'>«quarn</span> <span class='ocrx_word' id='word_1_115' title='bbox 283 1869 315 1913; x_wconf 86' lang='lat' dir='ltr'>re</span> <span class='ocrx_word' id='word_1_116' title='bbox 329 1851 393 1934; x_wconf 87' lang='lat' dir='ltr'>ipsa</span> <span class='ocrx_word' id='word_1_117' title='bbox 407 1861 437 1913; x_wconf 86' lang='lat' dir='ltr'>et</span> <span class='ocrx_word' id='word_1_118' title='bbox 451 1849 668 1932; x_wconf 79' lang='lat' dir='ltr'>compositione</span> <span class='ocrx_word' id='word_1_119' title='bbox 683 1849 845 1912; x_wconf 75' lang='lat' dir='ltr'>carminum</span> <span class='ocrx_word' id='word_1_120' title='bbox 861 1851 1020 1932; x_wconf 77' lang='lat' dir='ltr'>perlectam</span> <span class='ocrx_word' id='word_1_121' title='bbox 1036 1849 1127 1912; x_wconf 85' lang='lat' dir='ltr'>luisse</span> <span class='ocrx_word' id='word_1_122' title='bbox 1141 1850 1290 1924; x_wconf 87' lang='lat' dir='ltr'>dicemus,</span> <span class='ocrx_word' id='word_1_123' title='bbox 1308 1861 1340 1913; x_wconf 94' lang='lat' dir='ltr'>ut</span> 
     </span>
    </p>

    <p class='ocr_par' dir='ltr' id='par_1_3' title="bbox 76 1951 1346 3162">
     <span class='ocr_line' id='line_1_15' title="bbox 76 1951 1340 2035; baseline 0.001 -19"><span class='ocrx_word' id='word_1_124' title='bbox 76 1993 79 1999; x_wconf 88' lang='lat'><em>-</em></span> <span class='ocrx_word' id='word_1_125' title='bbox 179 1951 216 2016; x_wconf 83' lang='lat' dir='ltr'>ab</span> <span class='ocrx_word' id='word_1_126' title='bbox 243 1951 468 2035; x_wconf 79' lang='lat' dir='ltr'>intelligentibus</span> <span class='ocrx_word' id='word_1_127' title='bbox 494 1953 683 2017; x_wconf 85' lang='lat' dir='ltr'>animadverti</span> <span class='ocrx_word' id='word_1_128' title='bbox 710 1954 833 2016; x_wconf 80' lang='lat' dir='ltr'>sortasse</span> <span class='ocrx_word' id='word_1_129' title='bbox 859 1951 1000 2034; x_wconf 89' lang='lat' dir='ltr'>potuerit,</span> <span class='ocrx_word' id='word_1_130' title='bbox 1027 1951 1125 2014; x_wconf 87' lang='lat' dir='ltr'>minus</span> <span class='ocrx_word' id='word_1_131' title='bbox 1151 1953 1340 2032; x_wconf 78' lang='lat' dir='ltr'>intelligentes</span> 
     </span>
     <span class='ocr_line' id='line_1_16' title="bbox 179 2055 1341 2137; baseline -0.001 -18"><span class='ocrx_word' id='word_1_132' title='bbox 179 2065 276 2120; x_wconf 85' lang='lat' dir='ltr'>autem</span> <span class='ocrx_word' id='word_1_133' title='bbox 302 2056 426 2120; x_wconf 83' lang='lat' dir='ltr'>latuerit</span> <span class='ocrx_word' id='word_1_134' title='bbox 470 2058 502 2120; x_wconf 94' lang='lat' dir='ltr'>ln</span> <span class='ocrx_word' id='word_1_135' title='bbox 519 2057 624 2120; x_wconf 91' lang='lat' dir='ltr'>borum</span> <span class='ocrx_word' id='word_1_136' title='bbox 651 2065 747 2119; x_wconf 89' lang='lat' dir='ltr'>autem</span> <span class='ocrx_word' id='word_1_137' title='bbox 768 2074 892 2118; x_wconf 87' lang='lat' dir='ltr'>numero</span> <span class='ocrx_word' id='word_1_138' title='bbox 912 2055 1001 2118; x_wconf 88' lang='lat' dir='ltr'>etiam</span> <span class='ocrx_word' id='word_1_139' title='bbox 1020 2073 1129 2117; x_wconf 80' lang='lat' dir='ltr'>eorum-</span> <span class='ocrx_word' id='word_1_140' title='bbox 1143 2072 1205 2117; x_wconf 93' lang='lat' dir='ltr'>non</span> <span class='ocrx_word' id='word_1_141' title='bbox 1231 2075 1341 2137; x_wconf 71' lang='lat' dir='ltr'>quaereus</span> 
     </span>
     <span class='ocr_line' id='line_1_17' title="bbox 181 2155 1342 2242; baseline 0.001 -20"><span class='ocrx_word' id='word_1_142' title='bbox 181 2159 272 2223; x_wconf 84' lang='lat' dir='ltr'>titisse</span> <span class='ocrx_word' id='word_1_143' title='bbox 287 2159 438 2222; x_wconf 88' lang='lat' dir='ltr'>latendum</span> <span class='ocrx_word' id='word_1_144' title='bbox 453 2161 516 2232; x_wconf 85' lang='lat' dir='ltr'>erit,</span> <span class='ocrx_word' id='word_1_145' title='bbox 531 2161 579 2242; x_wconf 87' lang='lat' dir='ltr'>qui</span> <span class='ocrx_word' id='word_1_146' title='bbox 595 2159 624 2222; x_wconf 94' lang='lat' dir='ltr'>in</span> <span class='ocrx_word' id='word_1_147' title='bbox 638 2159 803 2222; x_wconf 84' lang='lat' dir='ltr'>ediscendis</span> <span class='ocrx_word' id='word_1_148' title='bbox 819 2167 847 2221; x_wconf 93' lang='lat' dir='ltr'>et</span> <span class='ocrx_word' id='word_1_149' title='bbox 861 2158 1017 2220; x_wconf 77' lang='lat' dir='ltr'>recitandis</span> <span class='ocrx_word' id='word_1_150' title='bbox 1030 2155 1150 2220; x_wconf 89' lang='lat' dir='ltr'>llomeri</span> <span class='ocrx_word' id='word_1_151' title='bbox 1165 2158 1342 2223; x_wconf 82' lang='lat' dir='ltr'>cartttinibus</span> 
     </span>
     <span class='ocr_line' id='line_1_18' title="bbox 181 2259 1343 2344; baseline -0.002 -21"><span class='ocrx_word' id='word_1_152' title='bbox 181 2261 235 2324; x_wconf 88' lang='lat' dir='ltr'>toti</span> <span class='ocrx_word' id='word_1_153' title='bbox 250 2264 383 2344; x_wconf 78' lang='lat' dir='ltr'>occupati</span> <span class='ocrx_word' id='word_1_154' title='bbox 403 2275 495 2325; x_wconf 88' lang='lat' dir='ltr'>erant.</span> <span class='ocrx_word' id='word_1_155' title='bbox 539 2262 645 2326; x_wconf 83' lang='lat' dir='ltr'>Nema</span> <span class='ocrx_word' id='word_1_156' title='bbox 665 2259 823 2343; x_wconf 88' lang='lat' dir='ltr'>rhapsodis</span> <span class='ocrx_word' id='word_1_157' title='bbox 843 2260 933 2324; x_wconf 87' lang='lat' dir='ltr'>multa</span> <span class='ocrx_word' id='word_1_158' title='bbox 949 2259 1116 2323; x_wconf 81' lang='lat' dir='ltr'>Nitzschlus</span> <span class='ocrx_word' id='word_1_159' title='bbox 1135 2260 1264 2324; x_wconf 84' lang='lat' dir='ltr'>admixta</span> <span class='ocrx_word' id='word_1_160' title='bbox 1278 2281 1343 2324; x_wconf 82' lang='lat' dir='ltr'>esse</span> 
     </span>
     <span class='ocr_line' id='line_1_19' title="bbox 180 2362 1342 2446; baseline -0.002 -18"><span class='ocrx_word' id='word_1_161' title='bbox 180 2365 221 2428; x_wconf 81' lang='lat' dir='ltr'>sit</span> <span class='ocrx_word' id='word_1_162' title='bbox 235 2365 341 2446; x_wconf 87' lang='lat' dir='ltr'>partim</span> <span class='ocrx_word' id='word_1_163' title='bbox 356 2385 390 2427; x_wconf 80' lang='lat' dir='ltr'>ex</span> <span class='ocrx_word' id='word_1_164' title='bbox 406 2365 471 2428; x_wconf 88' lang='lat' dir='ltr'>aliis</span> <span class='ocrx_word' id='word_1_165' title='bbox 486 2364 665 2428; x_wconf 86' lang='lat' dir='ltr'>carnriuibus</span> <span class='ocrx_word' id='word_1_166' title='bbox 680 2362 909 2445; x_wconf 87' lang='lat' dir='ltr'>antiquioribus,</span> <span class='ocrx_word' id='word_1_167' title='bbox 924 2381 1051 2442; x_wconf 88' lang='lat' dir='ltr'>quomm</span> <span class='ocrx_word' id='word_1_168' title='bbox 1067 2380 1129 2425; x_wconf 93' lang='lat' dir='ltr'>non</span> <span class='ocrx_word' id='word_1_169' title='bbox 1144 2381 1263 2426; x_wconf 85' lang='lat' dir='ltr'>omnem</span> <span class='ocrx_word' id='word_1_170' title='bbox 1280 2383 1342 2426; x_wconf 81' lang='lat' dir='ltr'>crte-</span> 
     </span>
     <span class='ocr_line' id='line_1_20' title="bbox 181 2465 1343 2548; baseline 0 -18"><span class='ocrx_word' id='word_1_171' title='bbox 181 2468 306 2531; x_wconf 89' lang='lat' dir='ltr'>moriam</span> <span class='ocrx_word' id='word_1_172' title='bbox 323 2467 548 2532; x_wconf 88' lang='lat' dir='ltr'>llomericorum</span> <span class='ocrx_word' id='word_1_173' title='bbox 569 2467 683 2531; x_wconf 87' lang='lat' dir='ltr'>claritas</span> <span class='ocrx_word' id='word_1_174' title='bbox 699 2465 912 2538; x_wconf 84' lang='lat' dir='ltr'>obscuraverit,</span> <span class='ocrx_word' id='word_1_175' title='bbox 927 2465 1033 2547; x_wconf 87' lang='lat' dir='ltr'>partim</span> <span class='ocrx_word' id='word_1_176' title='bbox 1048 2467 1085 2528; x_wconf 90' lang='lat' dir='ltr'>ab</span> <span class='ocrx_word' id='word_1_177' title='bbox 1100 2465 1172 2548; x_wconf 87' lang='lat' dir='ltr'>ipsis</span> <span class='ocrx_word' id='word_1_178' title='bbox 1188 2467 1277 2539; x_wconf 84' lang='lat' dir='ltr'>lacta,</span> <span class='ocrx_word' id='word_1_179' title='bbox 1292 2468 1343 2530; x_wconf 84' lang='lat' dir='ltr'>sed</span> 
     </span>
     <span class='ocr_line' id='line_1_21' title="bbox 181 2568 1343 2652; baseline -0.001 -19"><span class='ocrx_word' id='word_1_180' title='bbox 181 2571 217 2633; x_wconf 86' lang='lat' dir='ltr'>ad</span> <span class='ocrx_word' id='word_1_181' title='bbox 235 2571 327 2646; x_wconf 86' lang='lat' dir='ltr'>illam,</span> <span class='ocrx_word' id='word_1_182' title='bbox 346 2588 433 2652; x_wconf 88' lang='lat' dir='ltr'>quam</span> <span class='ocrx_word' id='word_1_183' title='bbox 450 2570 596 2633; x_wconf 85' lang='lat' dir='ltr'>llonrerus</span> <span class='ocrx_word' id='word_1_184' title='bbox 616 2571 647 2632; x_wconf 92' lang='lat' dir='ltr'>in</span> <span class='ocrx_word' id='word_1_185' title='bbox 667 2579 764 2632; x_wconf 89' lang='lat' dir='ltr'>mente</span> <span class='ocrx_word' id='word_1_186' title='bbox 785 2568 929 2642; x_wconf 86' lang='lat' dir='ltr'>balmerit,</span> <span class='ocrx_word' id='word_1_187' title='bbox 949 2569 1075 2631; x_wconf 88' lang='lat' dir='ltr'>lorutam</span> <span class='ocrx_word' id='word_1_188' title='bbox 1096 2568 1186 2632; x_wconf 88' lang='lat' dir='ltr'>totius</span> <span class='ocrx_word' id='word_1_189' title='bbox 1205 2570 1343 2633; x_wconf 85' lang='lat' dir='ltr'>carminis</span> 
     </span>
     <span class='ocr_line' id='line_1_22' title="bbox 182 2671 1343 2754; baseline 0.002 -18"><span class='ocrx_word' id='word_1_190' title='bbox 182 2691 243 2736; x_wconf 91' lang='lat' dir='ltr'>oon</span> <span class='ocrx_word' id='word_1_191' title='bbox 259 2672 331 2736; x_wconf 83' lang='lat' dir='ltr'>sutis</span> <span class='ocrx_word' id='word_1_192' title='bbox 350 2673 583 2736; x_wconf 85' lang='lat' dir='ltr'>accommodate.</span> <span class='ocrx_word' id='word_1_193' title='bbox 622 2672 752 2754; x_wconf 87' lang='lat' dir='ltr'>[lenique</span> <span class='ocrx_word' id='word_1_194' title='bbox 777 2683 969 2753; x_wconf 81' lang='lat' dir='ltr'>posteaquam</span> <span class='ocrx_word' id='word_1_195' title='bbox 991 2671 1124 2751; x_wconf 83' lang='lat' dir='ltr'>dispersa</span> <span class='ocrx_word' id='word_1_196' title='bbox 1151 2672 1196 2734; x_wconf 87' lang='lat' dir='ltr'>illa</span> <span class='ocrx_word' id='word_1_197' title='bbox 1212 2672 1343 2738; x_wconf 80' lang='lat' dir='ltr'>membra</span> 
     </span>
     <span class='ocr_line' id='line_1_23' title="bbox 182 2773 1343 2858; baseline 0 -19"><span class='ocrx_word' id='word_1_198' title='bbox 182 2775 277 2858; x_wconf 90' lang='lat' dir='ltr'>colligi</span> <span class='ocrx_word' id='word_1_199' title='bbox 288 2775 457 2856; x_wconf 90' lang='lat' dir='ltr'>scriptoque</span> <span class='ocrx_word' id='word_1_200' title='bbox 469 2775 637 2856; x_wconf 84' lang='lat' dir='ltr'>consignari</span> <span class='ocrx_word' id='word_1_201' title='bbox 651 2784 681 2837; x_wconf 90' lang='lat' dir='ltr'>et</span> <span class='ocrx_word' id='word_1_202' title='bbox 695 2775 725 2836; x_wconf 90' lang='lat' dir='ltr'>in</span> <span class='ocrx_word' id='word_1_203' title='bbox 738 2792 829 2836; x_wconf 88' lang='grc' dir='ltr'>ιιιιιιιιι</span> <span class='ocrx_word' id='word_1_204' title='bbox 845 2791 955 2854; x_wconf 88' lang='lat' dir='ltr'>corpus</span> <span class='ocrx_word' id='word_1_205' title='bbox 970 2773 1108 2852; x_wconf 89' lang='lat' dir='ltr'>coniungi</span> <span class='ocrx_word' id='word_1_206' title='bbox 1120 2784 1221 2856; x_wconf 80' lang='lat' dir='ltr'>coopto</span> <span class='ocrx_word' id='word_1_207' title='bbox 1234 2788 1343 2850; x_wconf 87' lang='lat' dir='ltr'>essent,</span> 
     </span>
     <span class='ocr_line' id='line_1_24' title="bbox 181 2876 1344 2960; baseline 0 -18"><span class='ocrx_word' id='word_1_208' title='bbox 181 2897 243 2942; x_wconf 94' lang='lat' dir='ltr'>non</span> <span class='ocrx_word' id='word_1_209' title='bbox 259 2895 350 2960; x_wconf 87' lang='lat' dir='ltr'>pauca</span> <span class='ocrx_word' id='word_1_210' title='bbox 365 2877 534 2940; x_wconf 85' lang='lat' dir='ltr'>huiusmodi</span> <span class='ocrx_word' id='word_1_211' title='bbox 550 2877 768 2959; x_wconf 78' lang='lat' dir='ltr'>rhapsodorum</span> <span class='ocrx_word' id='word_1_212' title='bbox 784 2876 980 2939; x_wconf 79' lang='lat' dir='ltr'>andiumem</span> <span class='ocrx_word' id='word_1_213' title='bbox 995 2895 1149 2958; x_wconf 84' lang='lat' dir='ltr'>perperam</span> <span class='ocrx_word' id='word_1_214' title='bbox 1164 2877 1195 2940; x_wconf 90' lang='lat' dir='ltr'>in</span> <span class='ocrx_word' id='word_1_215' title='bbox 1210 2878 1344 2942; x_wconf 87' lang='lat' dir='ltr'>ordinent</span> 
     </span>
     <span class='ocr_line' id='line_1_25' title="bbox 183 2978 1346 3063; baseline 0.001 -19"><span class='ocrx_word' id='word_1_216' title='bbox 183 2989 314 3063; x_wconf 84' lang='lat' dir='ltr'>recepta,</span> <span class='ocrx_word' id='word_1_217' title='bbox 340 2980 450 3061; x_wconf 85' lang='lat' dir='ltr'>aliaque</span> <span class='ocrx_word' id='word_1_218' title='bbox 475 2978 561 3042; x_wconf 85' lang='lat' dir='ltr'>etiam</span> <span class='ocrx_word' id='word_1_219' title='bbox 588 2979 699 3061; x_wconf 81' lang='lat' dir='ltr'>passim</span> <span class='ocrx_word' id='word_1_220' title='bbox 720 2978 815 3042; x_wconf 82' lang='lat' dir='ltr'>addita</span> <span class='ocrx_word' id='word_1_221' title='bbox 842 2997 908 3041; x_wconf 85' lang='lat' dir='ltr'>csse</span> <span class='ocrx_word' id='word_1_222' title='bbox 927 2979 964 3041; x_wconf 87' lang='lat' dir='ltr'>ab</span> <span class='ocrx_word' id='word_1_223' title='bbox 990 2978 1063 3060; x_wconf 90' lang='lat' dir='ltr'>ipsis</span> <span class='ocrx_word' id='word_1_224' title='bbox 1086 2980 1346 3061; x_wconf 84' lang='lat' dir='ltr'>compositoribus,</span> 
     </span>
     <span class='ocr_line' id='line_1_26' title="bbox 182 3080 1346 3162; baseline 0.005 -21"><span class='ocrx_word' id='word_1_225' title='bbox 182 3081 291 3162; x_wconf 87' lang='lat' dir='ltr'>qulbus</span> <span class='ocrx_word' id='word_1_226' title='bbox 307 3081 412 3145; x_wconf 88' lang='lat' dir='ltr'>additis</span> <span class='ocrx_word' id='word_1_227' title='bbox 426 3080 603 3162; x_wconf 66' lang='lat' dir='ltr'>alieniorem</span> <span class='ocrx_word' id='word_1_228' title='bbox 619 3081 683 3144; x_wconf 90' lang='lat' dir='ltr'>lore</span> <span class='ocrx_word' id='word_1_229' title='bbox 702 3080 881 3160; x_wconf 90' lang='lat' dir='ltr'>singularum</span> <span class='ocrx_word' id='word_1_230' title='bbox 902 3081 1029 3161; x_wconf 85' lang='lat' dir='ltr'>pmtium</span> <span class='ocrx_word' id='word_1_231' title='bbox 1044 3081 1120 3144; x_wconf 91' lang='lat' dir='ltr'>inter</span> <span class='ocrx_word' id='word_1_232' title='bbox 1139 3101 1172 3144; x_wconf 84' lang='lat' dir='ltr'>se</span> <span class='ocrx_word' id='word_1_233' title='bbox 1186 3086 1346 3147; x_wconf 83' lang='lat' dir='ltr'>connexio·</span> 
     </span>
    </p>

    <p class='ocr_par' dir='ltr' id='par_1_4' title="bbox 74 3181 1350 3670">
     <span class='ocr_line' id='line_1_27' title="bbox 74 3181 1346 3264; baseline 0.002 -18"><span class='ocrx_word' id='word_1_234' title='bbox 74 3183 76 3189; x_wconf 53' lang='lat'><strong><em>⁴</em></strong></span> <span class='ocrx_word' id='word_1_235' title='bbox 185 3201 251 3246; x_wconf 88' lang='lat' dir='ltr'>nem</span> <span class='ocrx_word' id='word_1_236' title='bbox 279 3193 470 3264; x_wconf 84' lang='lat' dir='ltr'>motuumque</span> <span class='ocrx_word' id='word_1_237' title='bbox 497 3181 668 3245; x_wconf 87' lang='lat' dir='ltr'>relationem</span> <span class='ocrx_word' id='word_1_238' title='bbox 699 3181 868 3245; x_wconf 83' lang='lat' dir='ltr'>imlicarent.</span> <span class='ocrx_word' id='word_1_239' title='bbox 924 3182 1036 3244; x_wconf 92' lang='lat' dir='ltr'>llorum</span> <span class='ocrx_word' id='word_1_240' title='bbox 1063 3183 1150 3261; x_wconf 85' lang='lat' dir='ltr'>igitur</span> <span class='ocrx_word' id='word_1_241' title='bbox 1174 3185 1346 3264; x_wconf 84' lang='lat' dir='ltr'>placitontm</span> 
     </span>
     <span class='ocr_line' id='line_1_28' title="bbox 184 3283 1350 3367; baseline 0.005 -22"><span class='ocrx_word' id='word_1_242' title='bbox 184 3285 321 3367; x_wconf 81' lang='lat' dir='ltr'>pleraque</span> <span class='ocrx_word' id='word_1_243' title='bbox 341 3303 403 3347; x_wconf 91' lang='lat' dir='ltr'>non</span> <span class='ocrx_word' id='word_1_244' title='bbox 423 3283 543 3366; x_wconf 87' lang='lat' dir='ltr'>propria</span> <span class='ocrx_word' id='word_1_245' title='bbox 563 3283 714 3347; x_wconf 81' lang='lat' dir='ltr'>Nitzscbio</span> <span class='ocrx_word' id='word_1_246' title='bbox 740 3283 792 3345; x_wconf 89' lang='lat' dir='ltr'>sed</span> <span class='ocrx_word' id='word_1_247' title='bbox 812 3303 880 3346; x_wconf 81' lang='lat' dir='ltr'>cunr</span> <span class='ocrx_word' id='word_1_248' title='bbox 901 3283 1074 3347; x_wconf 82' lang='lat' dir='ltr'>aduersariis</span> <span class='ocrx_word' id='word_1_249' title='bbox 1095 3286 1264 3350; x_wconf 87' lang='lat' dir='ltr'>communia</span> <span class='ocrx_word' id='word_1_250' title='bbox 1284 3308 1350 3350; x_wconf 84' lang='lat' dir='ltr'>esse</span> 
     </span>
     <span class='ocr_line' id='line_1_29' title="bbox 183 3385 1350 3470; baseline 0.001 -21"><span class='ocrx_word' id='word_1_251' title='bbox 183 3395 317 3468; x_wconf 79' lang='lat' dir='ltr'>nptpmet,</span> <span class='ocrx_word' id='word_1_252' title='bbox 337 3387 492 3469; x_wconf 88' lang='lat' dir='ltr'>proprium</span> <span class='ocrx_word' id='word_1_253' title='bbox 513 3396 610 3448; x_wconf 90' lang='lat' dir='ltr'>autem</span> <span class='ocrx_word' id='word_1_254' title='bbox 632 3385 761 3468; x_wconf 85' lang='lat' dir='ltr'>prinmm</span> <span class='ocrx_word' id='word_1_255' title='bbox 776 3385 835 3448; x_wconf 91' lang='lat' dir='ltr'>ltoc</span> <span class='ocrx_word' id='word_1_256' title='bbox 849 3396 909 3460; x_wconf 88' lang='lat' dir='ltr'>est,</span> <span class='ocrx_word' id='word_1_257' title='bbox 924 3386 1014 3468; x_wconf 85' lang='lat' dir='ltr'>quod,</span> <span class='ocrx_word' id='word_1_258' title='bbox 1030 3404 1120 3467; x_wconf 74' lang='lat' dir='ltr'>spuunt</span> <span class='ocrx_word' id='word_1_259' title='bbox 1135 3388 1350 3470; x_wconf 82' lang='lat' dir='ltr'>antiquioribus</span> 
     </span>
     <span class='ocr_line' id='line_1_30' title="bbox 185 3486 1350 3572; baseline 0.004 -22"><span class='ocrx_word' id='word_1_260' title='bbox 185 3487 365 3550; x_wconf 81' lang='lat' dir='ltr'>mcminibus</span> <span class='ocrx_word' id='word_1_261' title='bbox 386 3489 547 3552; x_wconf 86' lang='lat' dir='ltr'>llornctum</span> <span class='ocrx_word' id='word_1_262' title='bbox 568 3506 656 3551; x_wconf 89' lang='lat' dir='ltr'>usurn</span> <span class='ocrx_word' id='word_1_263' title='bbox 678 3506 744 3551; x_wconf 85' lang='lat' dir='ltr'>esce</span> <span class='ocrx_word' id='word_1_264' title='bbox 764 3488 918 3562; x_wconf 88' lang='lat' dir='ltr'>concedat,</span> <span class='ocrx_word' id='word_1_265' title='bbox 945 3486 999 3551; x_wconf 89' lang='lat' dir='ltr'>illis</span> <span class='ocrx_word' id='word_1_266' title='bbox 1020 3501 1133 3564; x_wconf 88' lang='lat' dir='ltr'>tanton,</span> <span class='ocrx_word' id='word_1_267' title='bbox 1159 3489 1208 3571; x_wconf 89' lang='lat' dir='ltr'>qui</span> <span class='ocrx_word' id='word_1_268' title='bbox 1234 3491 1350 3572; x_wconf 85' lang='lat' dir='ltr'>longius</span> 
     </span>
     <span class='ocr_line' id='line_1_31' title="bbox 184 3588 1350 3670; baseline 0.005 -20"><span class='ocrx_word' id='word_1_269' title='bbox 184 3588 270 3651; x_wconf 87' lang='lat' dir='ltr'>etiam</span> <span class='ocrx_word' id='word_1_270' title='bbox 286 3589 447 3669; x_wconf 75' lang='lat' dir='ltr'>procedere</span> <span class='ocrx_word' id='word_1_271' title='bbox 461 3589 527 3652; x_wconf 85' lang='lat' dir='ltr'>nusi</span> <span class='ocrx_word' id='word_1_272' title='bbox 541 3599 625 3664; x_wconf 88' lang='lat' dir='ltr'>sunt,</span> <span class='ocrx_word' id='word_1_273' title='bbox 642 3599 673 3651; x_wconf 92' lang='lat' dir='ltr'>ot</span> <span class='ocrx_word' id='word_1_274' title='bbox 688 3607 763 3670; x_wconf 87' lang='lat' dir='ltr'>quae</span> <span class='ocrx_word' id='word_1_275' title='bbox 777 3597 807 3651; x_wconf 88' lang='lat' dir='ltr'>et</span> <span class='ocrx_word' id='word_1_276' title='bbox 821 3589 915 3668; x_wconf 88' lang='lat' dir='ltr'>qualia</span> <span class='ocrx_word' id='word_1_277' title='bbox 930 3588 976 3652; x_wconf 88' lang='lat' dir='ltr'>illa</span> <span class='ocrx_word' id='word_1_278' title='bbox 992 3591 1122 3653; x_wconf 87' lang='lat' dir='ltr'>carmina</span> <span class='ocrx_word' id='word_1_279' title='bbox 1143 3591 1250 3655; x_wconf 88' lang='lat' dir='ltr'>luerint</span> <span class='ocrx_word' id='word_1_280' title='bbox 1264 3595 1350 3656; x_wconf 84' lang='lat' dir='ltr'>certis</span> 
     </span>
    </p>

    <p class='ocr_par' dir='ltr' id='par_1_5' title="bbox 68 3689 1393 3772">
     <span class='ocr_line' id='line_1_32' title="bbox 68 3689 1393 3772; baseline 0.006 -22"><span class='ocrx_word' id='word_1_281' title='bbox 68 3721 77 3750; x_wconf 72' lang='grc' dir='ltr'>ι</span> <span class='ocrx_word' id='word_1_282' title='bbox 185 3689 362 3771; x_wconf 83' lang='lat' dir='ltr'>quibusdam</span> <span class='ocrx_word' id='word_1_283' title='bbox 377 3689 493 3752; x_wconf 84' lang='lat' dir='ltr'>indiciis</span> <span class='ocrx_word' id='word_1_284' title='bbox 507 3709 567 3752; x_wconf 87' lang='lat' dir='ltr'>ase</span> <span class='ocrx_word' id='word_1_285' title='bbox 583 3691 777 3771; x_wconf 84' lang='lat' dir='ltr'>deprehendi,</span> <span class='ocrx_word' id='word_1_286' title='bbox 792 3693 921 3772; x_wconf 86' lang='lat' dir='ltr'>adeoque</span> <span class='ocrx_word' id='word_1_287' title='bbox 940 3693 1035 3754; x_wconf 84' lang='lat' dir='ltr'>soluta</span> <span class='ocrx_word' id='word_1_288' title='bbox 1050 3693 1106 3755; x_wconf 82' lang='lat' dir='ltr'>huc</span> <span class='ocrx_word' id='word_1_289' title='bbox 1119 3703 1238 3756; x_wconf 84' lang='lat' dir='ltr'>nostrae</span> <span class='ocrx_word' id='word_1_290' title='bbox 1252 3695 1347 3758; x_wconf 79' lang='lat' dir='ltr'>lllsdis</span> <span class='ocrx_word' id='word_1_291' title='bbox 1365 3707 1393 3758; x_wconf 76' lang='lat'>21</span> 
     </span>
    </p>

    <p class='ocr_par' dir='ltr' id='par_1_6' title="bbox 62 3791 1351 4288">
     <span class='ocr_line' id='line_1_33' title="bbox 62 3791 1350 3876; baseline 0.004 -21"><span class='ocrx_word' id='word_1_292' title='bbox 62 3835 64 3840; x_wconf 91' lang='lat'>-</span> <span class='ocrx_word' id='word_1_293' title='bbox 185 3811 327 3876; x_wconf 89' lang='lat' dir='ltr'>compage</span> <span class='ocrx_word' id='word_1_294' title='bbox 343 3791 471 3872; x_wconf 79' lang='lat' dir='ltr'>priscam</span> <span class='ocrx_word' id='word_1_295' title='bbox 485 3799 514 3853; x_wconf 87' lang='lat' dir='ltr'>et</span> <span class='ocrx_word' id='word_1_296' title='bbox 524 3791 649 3854; x_wconf 82' lang='lat' dir='ltr'>nativam</span> <span class='ocrx_word' id='word_1_297' title='bbox 665 3811 770 3854; x_wconf 86' lang='lat' dir='ltr'>eorum</span> <span class='ocrx_word' id='word_1_298' title='bbox 787 3795 911 3856; x_wconf 90' lang='lat' dir='ltr'>lormam</span> <span class='ocrx_word' id='word_1_299' title='bbox 923 3793 1105 3873; x_wconf 85' lang='lat' dir='ltr'>aliquatenus</span> <span class='ocrx_word' id='word_1_300' title='bbox 1120 3794 1223 3856; x_wconf 82' lang='lat' dir='ltr'>saltem</span> <span class='ocrx_word' id='word_1_301' title='bbox 1238 3797 1350 3860; x_wconf 86' lang='lat' dir='ltr'>restitui</span> 
     </span>
     <span class='ocr_line' id='line_1_34' title="bbox 187 3892 1350 3976; baseline 0.005 -20"><span class='ocrx_word' id='word_1_302' title='bbox 187 3914 278 3976; x_wconf 85' lang='lat' dir='ltr'>posse</span> <span class='ocrx_word' id='word_1_303' title='bbox 297 3902 462 3976; x_wconf 76' lang='lat' dir='ltr'>sperarem,</span> <span class='ocrx_word' id='word_1_304' title='bbox 481 3892 642 3957; x_wconf 78' lang='lat' dir='ltr'>fortissime</span> <span class='ocrx_word' id='word_1_305' title='bbox 661 3893 779 3956; x_wconf 84' lang='lat' dir='ltr'>obsistit</span> <span class='ocrx_word' id='word_1_306' title='bbox 793 3894 937 3974; x_wconf 82' lang='lat' dir='ltr'>longeque</span> <span class='ocrx_word' id='word_1_307' title='bbox 951 3913 1004 3957; x_wconf 84' lang='lat' dir='ltr'>eos</span> <span class='ocrx_word' id='word_1_308' title='bbox 1019 3915 1035 3956; x_wconf 91' lang='lat' dir='ltr'>a</span> <span class='ocrx_word' id='word_1_309' title='bbox 1051 3913 1116 3958; x_wconf 80' lang='lat' dir='ltr'>vera</span> <span class='ocrx_word' id='word_1_310' title='bbox 1136 3895 1250 3960; x_wconf 88' lang='lat' dir='ltr'>rationo</span> <span class='ocrx_word' id='word_1_311' title='bbox 1265 3898 1350 3962; x_wconf 87' lang='lat' dir='ltr'>aber-</span> 
     </span>
     <span class='ocr_line' id='line_1_35' title="bbox 186 3994 1351 4079; baseline 0.002 -19"><span class='ocrx_word' id='word_1_312' title='bbox 186 4015 269 4067; x_wconf 83' lang='lat' dir='ltr'>rasse</span> <span class='ocrx_word' id='word_1_313' title='bbox 294 3995 452 4059; x_wconf 85' lang='lat' dir='ltr'>eootendit</span> <span class='ocrx_word' id='word_1_314' title='bbox 496 3995 559 4076; x_wconf 77' lang='lat' dir='ltr'>Ego</span> <span class='ocrx_word' id='word_1_315' title='bbox 579 4015 627 4058; x_wconf 91' lang='lat' dir='ltr'>me</span> <span class='ocrx_word' id='word_1_316' title='bbox 646 3994 682 4059; x_wconf 90' lang='lat' dir='ltr'>ab</span> <span class='ocrx_word' id='word_1_317' title='bbox 701 3995 815 4058; x_wconf 87' lang='lat' dir='ltr'>illorum</span> <span class='ocrx_word' id='word_1_318' title='bbox 835 4006 915 4059; x_wconf 83' lang='lat' dir='ltr'>secta</span> <span class='ocrx_word' id='word_1_319' title='bbox 933 4014 993 4059; x_wconf 92' lang='lat' dir='ltr'>non</span> <span class='ocrx_word' id='word_1_320' title='bbox 1014 4005 1167 4079; x_wconf 86' lang='lat' dir='ltr'>tantopere</span> <span class='ocrx_word' id='word_1_321' title='bbox 1192 4000 1351 4066; x_wconf 78' lang='lat' dir='ltr'>abliorrere</span> 
     </span>
     <span class='ocr_line' id='line_1_36' title="bbox 186 4096 1351 4182; baseline 0.004 -22"><span class='ocrx_word' id='word_1_322' title='bbox 186 4099 341 4180; x_wconf 78' lang='lat' dir='ltr'>profiteor,</span> <span class='ocrx_word' id='word_1_323' title='bbox 365 4096 500 4180; x_wconf 82' lang='lat' dir='ltr'>quamvis</span> <span class='ocrx_word' id='word_1_324' title='bbox 516 4097 546 4160; x_wconf 91' lang='lat' dir='ltr'>ln</span> <span class='ocrx_word' id='word_1_325' title='bbox 565 4097 745 4161; x_wconf 82' lang='lat' dir='ltr'>Lachmanni</span> <span class='ocrx_word' id='word_1_326' title='bbox 770 4107 990 4181; x_wconf 86' lang='lat' dir='ltr'>ceterommque</span> <span class='ocrx_word' id='word_1_327' title='bbox 1015 4099 1265 4182; x_wconf 76' lang='lat' dir='ltr'>disputationibus</span> <span class='ocrx_word' id='word_1_328' title='bbox 1290 4121 1351 4166; x_wconf 89' lang='lat' dir='ltr'>non</span> 
     </span>
     <span class='ocr_line' id='line_1_37' title="bbox 187 4199 1350 4288; baseline 0.007 -25"><span class='ocrx_word' id='word_1_329' title='bbox 187 4219 280 4284; x_wconf 85' lang='lat' dir='ltr'>pauca</span> <span class='ocrx_word' id='word_1_330' title='bbox 295 4199 367 4264; x_wconf 85' lang='lat' dir='ltr'>mibi</span> <span class='ocrx_word' id='word_1_331' title='bbox 383 4200 519 4283; x_wconf 74' lang='lat' dir='ltr'>crepidine</span> <span class='ocrx_word' id='word_1_332' title='bbox 532 4219 621 4283; x_wconf 91' lang='lat' dir='ltr'>quam</span> <span class='ocrx_word' id='word_1_333' title='bbox 637 4201 733 4265; x_wconf 77' lang='lat' dir='ltr'>verim</span> <span class='ocrx_word' id='word_1_334' title='bbox 748 4201 845 4284; x_wconf 82' lang='lat' dir='ltr'>posita</span> <span class='ocrx_word' id='word_1_335' title='bbox 860 4221 927 4264; x_wconf 86' lang='lat' dir='ltr'>csse</span> <span class='ocrx_word' id='word_1_336' title='bbox 937 4201 1100 4277; x_wconf 84' lang='lat' dir='ltr'>rideantur,</span> <span class='ocrx_word' id='word_1_337' title='bbox 1114 4221 1210 4286; x_wconf 87' lang='lat' dir='ltr'>neque</span> <span class='ocrx_word' id='word_1_338' title='bbox 1224 4207 1350 4288; x_wconf 85' lang='lat' dir='ltr'>despem</span> 
     </span>
    </p>
   </div>
   <div class='ocr_carea' id='block_1_3' title="bbox 188 4405 1350 4488">
    <p class='ocr_par' dir='ltr' id='par_1_7' title="bbox 188 4405 1350 4488">
     <span class='ocr_line' id='line_1_38' title="bbox 188 4405 1350 4488; baseline 0.008 -19"><span class='ocrx_word' id='word_1_339' title='bbox 188 4406 385 4472; x_wconf 86' lang='lat' dir='ltr'>demonstrari</span> <span class='ocrx_word' id='word_1_340' title='bbox 411 4406 482 4470; x_wconf 81' lang='lat' dir='ltr'>antis</span> <span class='ocrx_word' id='word_1_341' title='bbox 512 4405 662 4470; x_wconf 80' lang='lat' dir='ltr'>evidenter</span> <span class='ocrx_word' id='word_1_342' title='bbox 686 4408 797 4488; x_wconf 84' lang='lat' dir='ltr'>possit,</span> <span class='ocrx_word' id='word_1_343' title='bbox 826 4409 944 4472; x_wconf 86' lang='lat' dir='ltr'>tandem</span> <span class='ocrx_word' id='word_1_344' title='bbox 980 4407 1152 4474; x_wconf 82' lang='lat' dir='ltr'>inueniatur.</span> <span class='ocrx_word' id='word_1_345' title='bbox 1183 4445 1227 4460; x_wconf 85' lang='lat'>-</span> <span class='ocrx_word' id='word_1_346' title='bbox 1256 4413 1350 4478; x_wconf 85' lang='lat' dir='ltr'>Porro</span> 
     </span>
    </p>
   </div>
   <div class='ocr_carea' id='block_1_4' title="bbox 0 0 1572 4948">
    <p class='ocr_par' dir='ltr' id='par_1_8' title="bbox 0 0 1572 4948">
     <span class='ocr_line' id='line_1_39' title="bbox 0 0 1572 4948; baseline 0 0"><span class='ocrx_word' id='word_1_347' title='bbox 0 0 1572 4948; x_wconf 95' lang='lat' dir='ltr'> </span> 
     </span>
    </p>
   </div>
   <div class='ocr_carea' id='block_1_5' title="bbox 188 4303 1351 4394">
    <p class='ocr_par' dir='ltr' id='par_1_9' title="bbox 188 3921 1546 4446">
     <span class='ocr_line' id='line_1_40' title="bbox 188 4303 1351 4394; baseline 0.006 -26"><span class='ocrx_word' id='word_1_348' title='bbox 188 4306 261 4378; x_wconf 86' lang='lat' dir='ltr'>lore,</span> <span class='ocrx_word' id='word_1_349' title='bbox 277 4313 309 4368; x_wconf 87' lang='lat' dir='ltr'>ut</span> <span class='ocrx_word' id='word_1_350' title='bbox 324 4303 349 4367; x_wconf 87' lang='lat' dir='ltr'>si</span> <span class='ocrx_word' id='word_1_351' title='bbox 363 4303 430 4386; x_wconf 89' lang='lat' dir='ltr'>quis</span> <span class='ocrx_word' id='word_1_352' title='bbox 444 4303 515 4368; x_wconf 84' lang='lat' dir='ltr'>satio</span> <span class='ocrx_word' id='word_1_353' title='bbox 530 4313 614 4368; x_wconf 84' lang='lat' dir='ltr'>caute</span> <span class='ocrx_word' id='word_1_354' title='bbox 628 4323 663 4368; x_wconf 86' lang='lat' dir='ltr'>ac</span> <span class='ocrx_word' id='word_1_355' title='bbox 676 4305 837 4386; x_wconf 81' lang='lat' dir='ltr'>prudenter</span> <span class='ocrx_word' id='word_1_356' title='bbox 850 4307 1005 4387; x_wconf 88' lang='lat' dir='ltr'>procedat,</span> <span class='ocrx_word' id='word_1_357' title='bbox 1019 4305 1128 4388; x_wconf 91' lang='lat' dir='ltr'>aliquid</span> <span class='ocrx_word' id='word_1_358' title='bbox 1144 4308 1213 4372; x_wconf 87' lang='lat' dir='ltr'>certi</span> <span class='ocrx_word' id='word_1_359' title='bbox 1227 4320 1257 4373; x_wconf 90' lang='lat' dir='ltr'>et</span> <span class='ocrx_word' id='word_1_360' title='bbox 1271 4313 1351 4394; x_wconf 91' lang='lat' dir='ltr'>qoud</span> 
     </span>
    </p>
   </div>
  </div>
 </body>
</html>
