3078 4954
206 657 289 722 pere,
314 636 465 700 licueritne
487 635 525 700 ito
546 629 652 700 πάλιν
677 633 733 699 dici
753 634 789 698 de
808 635 932 717 repetito
954 635 1113 700 certamine
1127 635 1255 712 ulterius,
1281 655 1372 719 quum

206 759 300 822 neque
320 738 421 802 socius
447 738 535 802 buius
562 738 732 803 certaminis
751 739 878 823 Typhon
898 738 997 816 luerit,
1022 757 1118 821 neque
1142 739 1203 804 boc
1228 741 1328 822 ipsum
1343 741 1374 805 in

205 841 411 925 superioribus
427 853 624 908 memoratum
640 843 687 907 sit

288 945 383 1010 b'ersn
402 948 462 1010 t'tt
491 965 547 1030 pro
574 948 688 1028 vulgata
712 947 837 1011 lectione
863 939 908 1024 ὥς
928 966 983 1024 τις
1002 945 1180 1012 Wieselerus
1205 965 1374 1031 pronomen

205 1049 357 1114 relativum
377 1043 486 1128 ὅστις,
508 1051 538 1114 in
559 1051 670 1134 aliquot
691 1051 842 1114 codicibus
864 1050 1029 1127 inventurn,
1048 1051 1176 1128 restitui,
1196 1069 1375 1133 omnemque

206 1152 305 1218 locum
320 1154 352 1217 in
367 1155 447 1218 bunc
461 1155 586 1218 modum
604 1153 692 1218 scribi
708 1165 737 1218 et
751 1152 920 1234 interpungi
936 1155 1010 1218 vult:

372 1257 558 1335 Πέπονθας
580 1249 672 1333 αἰκὲς
694 1246 787 1343 πῆμ’,
811 1246 1024 1343 ἀποσφαλεὶς
1044 1253 1188 1342 φρενῶν·

375 1355 488 1447 πλανᾷ
509 1355 612 1438 κακὸς
634 1350 790 1444 direpte,
814 1351 928 1436 ὅστις
948 1354 984 1437 ἐς
998 1354 1096 1426 νόσον

374 1457 487 1527 πισῶν
507 1452 638 1544 α’θνμεῖ
658 1496 715 1526 -.

207 1567 324 1630 Scilicet
338 1566 369 1630 in
385 1567 498 1647 rulgntn
513 1566 670 1646 scripturn,
685 1583 776 1646 quum
789 1555 836 1641 dle
848 1584 903 1641 τις
916 1565 1021 1647 legitur
1035 1577 1146 1649 etpost
1159 1563 1271 1654 πλανᾷ
1285 1567 1375 1632 inter-

206 1669 364 1753 pungitur‚
391 1677 539 1750 utcunque
559 1665 647 1730 verbo
667 1677 899 1741 construuntur,
922 1688 1040 1752 semper
1055 1669 1218 1734 cretionem
1235 1668 1376 1733 babemus

206 1763 395 1850 ἀσύνδετον,
417 1789 510 1854 quum
525 1768 604 1834 nullu
619 1770 778 1834 intercedet
798 1771 875 1834 inter
894 1771 966 1835 lmen
988 1773 1046 1836 duo
1067 1771 1170 1847 verbo,
1196 1767 1378 1847 πέπονθας

205 1887 236 1940 et
251 1871 375 1961 πλανᾷ,
387 1873 566 1939 coniunctio.
598 1873 672 1938 llnic
687 1873 774 1956 igitur
789 1873 866 1936 niolo
883 1873 1059 1938 Wieselerus
1077 1892 1237 1938 occurrens
1252 1875 1375 1938 alterum

176 1978 342 2054 srerbum,
357 1973 477 2064 πλανᾷ,
500 1976 529 2040 λιι
545 1994 638 2040 ιιιιιιιιι
655 1995 723 2040 oum
743 1977 915 2041 nominibus
926 1973 1028 2054 κακὸς
1046 1969 1192 2059 δ’λανρός
1211 1977 1376 2041 membrum

93 2116 96 2122 ·
206 2081 331 2147 contlnri
346 2081 417 2154 ιιιΙι,
433 2091 465 2145 nt
479 2081 523 2144 sic
537 2080 623 2145 etism
641 2075 680 2145 δέ
697 2080 875 2156 coniunctio,
890 2080 1061 2145 nominibus
1077 2081 1123 2145 bis
1139 2079 1327 2162 interposito,
1340 2081 1376 2144 nd
1496 2083 1499 2092 '

206 2185 333 2250 uerbum
353 2185 422 2248 illud
448 2185 605 2267 pertinent,
631 2185 721 2266 idque
742 2185 783 2248 itn
803 2205 870 2249 cnm
896 2185 1048 2268 superiore
1073 2185 1208 2249 membro
1235 2193 1377 2249 nectatur.

208 2289 392 2354 Sententiam
408 2297 506 2352 ιιιιιιιι
521 2289 644 2353 ennrlern
660 2307 736 2364 esse,
747 2309 781 2352 nc
796 2289 822 2354 si
837 2291 948 2354 dictum
964 2290 1012 2366 sit,
1027 2285 1139 2375 πλανᾷ
1161 2283 1199 2352 di
1213 2274 1260 2364 tle
1277 2283 1379 2365 κακὰς

209 2385 335 2477 ἰατρός,
358 2393 438 2475 quod
457 2403 492 2456 ut
505 2392 689 2476 comprobet,
703 2393 739 2456 nd
755 2393 926 2458 Schneideri
942 2393 978 2456 sd
993 2394 1073 2458 buno
1091 2392 1191 2457 locum
1210 2393 1378 2456 annotatio·

208 2515 280 2561 nem
300 2506 451 2579 provocet.
490 2496 604 2579 Nempe
622 2497 708 2561 docet
727 2497 766 2561 ibi
781 2497 979 2562 Sebneidems
999 2497 1027 2561 id
1047 2498 1128 2581 quod
1143 2515 1230 2560 nemo
1252 2494 1333 2559 locile
1347 2495 1377 2558 in

210 2599 337 2664 dubium
356 2600 516 2678 roraverit,
537 2595 577 2665 δέ
599 2598 838 2666 coniunctionem
852 2599 939 2664 etism
955 2603 992 2664 nb
1007 2602 1150 2684 Aeschylo
1163 2618 1378 2684 nonnunquam

209 2705 360 2780 secundo,
380 2722 442 2770 non
463 2707 561 2790 primo
581 2705 723 2770 rocelmlo
745 2705 900 2788 postponi,
919 2706 1040 2789 eiusque
1058 2707 1101 2770 rei
1116 2707 1228 2790 aliquot
1246 2706 1378 2787 exemplo

210 2820 437 2874 conmemorat
466 2811 552 2892 dtqni
567 2809 700 2893 exempla
716 2809 803 2873 buius
819 2809 914 2872 nostri
930 2809 1034 2873 similis
1050 2829 1146 2892 neque
1162 2809 1268 2882 citnrit,
1283 2828 1379 2892 neque

209 2915 319 2998 potuit,
340 2913 458 2995 opinor.
482 2914 581 2976 nitore.
615 2914 731 2976 Scilicet
753 2921 824 2976 bnon
839 2913 936 2987 verbo,
952 2907 1055 2988 κακὰς
1072 2905 1193 2997 ἰατρός,
1210 2931 1265 2995 pro
1281 2931 1377 2994 eppo-

211 3017 321 3079 sitione
334 3015 472 3080 bnbendn
484 3025 570 3078 ertmt
585 3017 622 3078 nd
639 3016 668 3078 id
684 3015 859 3086 subiectum,
875 3012 956 3094 qnod
971 3022 1017 3076 est
1027 3015 1106 3077 uerbi
1122 3009 1243 3100 πλανᾷ,
1257 3015 1379 3097 musque

211 3117 412 3199 appositionis
426 3117 471 3180 ris
485 3117 540 3180 erit
555 3116 760 3198 errrnpnrntivn‚
776 3127 807 3179 ut
827 3133 915 3196 saepe
930 3113 1006 3178 olibi.
1033 3115 1093 3178 lnm
1109 3133 1178 3178 roro
1194 3117 1224 3179 in
1241 3117 1288 3180 tnli
1310 3137 1378 3182 cro·
1405 3160 1408 3166 -

212 3219 304 3282 tionis
319 3219 562 3293 conformatione,
578 3237 669 3300 quum
685 3218 853 3300 postposito
867 3218 907 3280 sit
928 3214 1015 3278 verbo
1032 3216 1190 3297 oppositio,
1206 3235 1267 3280 non
1283 3221 1380 3300 potnit

211 3319 398 3394 coniunctio,
424 3319 549 3384 nrerbo
565 3321 712 3396 seiuncta,
737 3319 851 3382 mediae
866 3317 1046 3401 oppositioni
1068 3318 1174 3394 inseri,
1201 3322 1253 3382 sed
1277 3321 1380 3384 debuit

210 3423 381 3487 necessario
396 3424 474 3488 inter
484 3424 605 3486 verbum
621 3433 651 3486 et
669 3423 889 3506 appositionem
904 3421 1054 3495 collocet-l,
1078 3417 1190 3506 πλανᾷ
1215 3416 1255 3487 dt
1276 3419 1379 3501 κακὸς

211 3517 341 3611 incede:
364 3527 389 3590 si
415 3525 578 3608 anteposito
598 3535 678 3588 esset
696 3524 860 3607 appositio,
881 3524 978 3606 potuit
997 3523 1165 3588 coniunctio
1181 3525 1225 3588 rel
1247 3525 1377 3588 secundo

212 3628 279 3692 loco
301 3628 387 3711 poni,
414 3638 448 3691 ut
466 3629 646 3691 insereretur
662 3625 860 3710 oppositioni,
887 3621 990 3704 κακός
1011 3617 1041 3689 ‹l'
1057 3617 1172 3710 ἰατρὸς
1193 3621 1316 3712 πλανᾷ,
1335 3628 1378 3690 vel

211 3731 301 3795 etiam
316 3731 403 3794 tortio
418 3731 500 3794 loco:
523 3723 626 3806 κακὸς
639 3720 753 3813 ἰατρὸς
769 3723 807 3794 δὲ
828 3724 947 3815 πλανᾷ,
970 3729 1022 3791 sed
1038 3725 1149 3816 πλανᾷ
1170 3719 1314 3805 omdgd’
1325 3719 1378 3792 ic·

210 3827 291 3918 πρός
310 3833 456 3898 obsonum
475 3844 536 3910 est,
562 3851 656 3916 neque
676 3833 833 3916 quisquam
854 3850 983 3916 unquam
1004 3833 1048 3896 sic
1068 3833 1208 3914 loquitur.
1229 3865 1273 3880 -
1298 3831 1377 3908 Quid

210 3947 309 4002 nutem
325 3937 465 4002 nodemus
476 3939 534 4003 isto
547 3928 723 4023 ἄσυνδέτῳ,
744 3945 844 4020 erepto
858 3935 945 3999 nobis
957 3937 1012 4000 buc
1027 3932 1194 3999 medicine?
1224 3934 1377 3998 Tolerabi-

212 4058 296 4115 mus,
320 4051 514 4116 sentement,
534 4041 560 4104 si
580 4059 658 4124 opus
679 4040 779 4116 luerit,
805 4037 954 4102 tuebimur
973 4036 1118 4100 similibus
1138 4037 1280 4121 exemplis
1299 4037 1377 4102 houd

211 4141 286 4204 odeo
301 4141 464 4208 dilllcilibm
484 4144 611 4207 inventu.
656 4141 731 4206 Nam
747 4151 794 4204 est
813 4159 885 4204 sane
899 4139 972 4202 nihil
987 4141 1046 4204 bno
1065 4157 1171 4222 genere
1186 4141 1378 4224 frequentius,

212 4241 264 4306 ubi
275 4243 352 4325 quis,
369 4245 448 4327 quod
468 4245 598 4328 primum
616 4243 753 4310 universe
769 4241 942 4327 proposuit,
964 4242 1063 4306 stntim
1084 4243 1167 4326 quole
1186 4243 1225 4307 sit
1239 4241 1377 4306 disertius

213 4343 377 4424 eloquitur,
403 4355 437 4408 ut
454 4356 559 4410 nostro
585 4349 650 4414 loeo
672 4349 799 4423 chorus,
826 4355 985 4429 postquam
1007 4343 1142 4410 universe
1166 4343 1376 4410 Prometheum

185 4535 187 4538 Ι
214 4443 294 4528 turpi
319 4445 396 4509 melo
426 4445 557 4510 laborare
585 4450 670 4524 dixit,
700 4449 759 4513 lnoe
784 4449 842 4512 inm
868 4447 952 4528 quale
978 4448 1018 4511 sit
1043 4447 1165 4528 exponit
1192 4447 1240 4508 bis
1269 4442 1374 4516 verbis,
