3092 4964
735 467 810 564 ..200
872 557 879 565 .

203 671 276 734 alter
287 663 420 750 γοιιιιλιι.
450 661 566 725 Scilicet
580 659 619 723 ita
634 659 805 724 Hermanno
822 657 916 722 riuum
931 667 977 722 eut
992 677 1083 741 quum
1099 679 1254 726 masuram
1267 662 1363 726 Eleas-

202 772 248 835 leii
267 767 421 844 scriberem
440 767 476 829 ad
498 765 633 846 ligerem
654 773 752 826 autem
772 781 801 845 γι.
821 763 884 826 759
904 754 1017 846 λόγοις
1038 761 1204 850 σιγιβήιαι
1224 766 1367 830 oonrertit

203 874 329 956 colloqui
346 891 411 934 ιιιιιι
432 870 539 952 eliqua.
569 867 664 931 Nobis
685 876 822 930 neutrum
839 885 940 929 rerum
960 885 1027 930 esse
1052 867 1179 943 ridetura
1202 869 1253 930 sed
1274 889 1365 950 quum

201 968 397 1060 oerrssolrrtr
411 975 450 1038 eit
461 973 479 1037 i.
495 993 522 1055 q.
538 967 706 1054 σύμβασιν
716 969 913 1047 ποιεῖσθαι,
925 969 955 1033 λι.
970 989 996 1032 e.
1013 973 1246 1054 eoarporitiouem
1260 975 1367 1054 secere,

200 1085 319 1166 γοοιίιλ,
334 1079 409 1160 (rid.
425 1077 565 1142 diueselr.
581 1075 672 1139 lliluo.
688 1074 820 1155 Tlrucyd.
836 1093 865 1156 p.
881 1073 970 1151 att.)
990 1069 1104 1158 λόγοις
1124 1085 1221 1138 autem
1242 1075 1368 1139 dubitari

202 1193 330 1270 nequeat
344 1183 401 1248 diei
416 1202 506 1266 χιοιιο
520 1201 575 1264 pro
592 1175 651 1244 διὰ
665 1171 781 1264 λόγων,
796 1177 867 1241 nihil
883 1177 1001 1242 obstare
1016 1179 1193 1245 arbitramur
1208 1179 1368 1264 quominus

204 1293 232 1355 lr.
248 1292 267 1356 l.
283 1289 522 1372 iuterpreteouu:
542 1288 570 1348 ιι·
586 1285 674 1348 urolr'e
696 1283 793 1346 oerdr'e
808 1286 963 1366 pepr'yerr‘s.
994 1283 1044 1360 bt,
1064 1285 1172 1367 inquit,
1192 1277 1306 1368 λόγοις
1327 1285 1370 1348 sie

204 1395 284 1460 nude
303 1393 434 1478 positum
455 1411 515 1456 nou
539 1398 637 1472 poteet
655 1389 731 1452 hane
749 1387 807 1450 viru
829 1387 938 1450 babere
958 1397 990 1451 ut
1008 1389 1089 1452 raudo
1109 1389 1201 1453 uerbo
1216 1389 1369 1471 signilioet.
1417 1435 1419 1438 -

205 1503 283 1564 Sane
303 1496 422 1580 quidem
443 1495 473 1559 io
495 1495 560 1577 ipso
581 1493 722 1558 roualudo
744 1511 798 1574 per
817 1511 849 1555 ιο
864 1501 997 1574 atrectatu
1013 1511 1074 1556 non
1091 1493 1167 1556 inest
1181 1493 1254 1557 baee
1267 1492 1328 1568 rie,
1343 1501 1372 1556 et

205 1612 275 1666 aunt
288 1593 383 1684 λόγοι
407 1599 491 1662 rerba
507 1599 593 1661 etiam
611 1597 710 1661 iurati:
725 1597 777 1659 sed
792 1607 898 1658 nostre
914 1596 992 1671 loeo,
1008 1613 1098 1678 quum
1119 1607 1310 1680 opponantur
1325 1597 1372 1660 in·

186 1733 189 1740 ⁴
207 1717 250 1770 tor
263 1725 296 1769 ιο
310 1693 455 1790 (leniorue
478 1697 537 1784 μὲν
554 1692 661 1785 ζιπγεός
681 1711 710 1764 et
728 1692 841 1784 λόγοις
856 1694 893 1764 δὲ
908 1693 1047 1782 σιγιβός,
1063 1701 1250 1764 manifestum
1263 1703 1297 1764 lit
1311 1721 1372 1764 noa

206 1811 279 1874 alios
293 1801 409 1892 λόγους
425 1806 547 1888 eogitari
562 1805 668 1868 doluere
682 1824 770 1888 qaam
786 1805 836 1887 (rui
852 1823 914 1866 non
929 1805 990 1868 rint
1000 1823 1067 1867 oum
1082 1804 1146 1867 iuro
1159 1805 1286 1868 iurando
1299 1823 1373 1868 eon·

208 1915 298 1980 iuneti
312 1914 342 1976 b.
357 1933 383 1977 e.
397 1911 476 1975 nuda
491 1909 590 1984 rerba,
610 1909 691 1990 quod
711 1927 770 1990 quo
782 1909 882 1971 minus
898 1908 1022 1972 dubium
1042 1927 1109 1972 esse
1123 1908 1220 1991 poerit
1235 1909 1299 1991 ipse
1314 1909 1373 1972 Eu·

209 2018 318 2102 ripidee
330 2015 404 2080 eerit
415 2014 521 2078 additis
537 2013 632 2075 uerbis
648 2007 705 2075 καὶ
727 2007 819 2076 θεῶν
840 2003 1025 2094 α’νιόμοτοςι
1040 2029 1108 2076 num
1124 2013 1173 2094 qui
1189 2004 1304 2095 λόγοις
1317 2004 1375 2074 καὶ

210 2111 378 2202 όνιόμοτος
404 2113 566 2202 uiridium
592 2115 713 2188 dicitur,
735 2117 814 2178 launo
832 2124 956 2197 autumet
974 2115 1031 2178 dici
1051 2113 1146 2178 verbis
1166 2115 1374 2179 tautummodo

210 2234 240 2286 et
254 2223 318 2288 eine
332 2223 396 2284 iure
410 2218 534 2284 iurando
550 2227 668 2301 paetum
684 2237 758 2280 esse.

295 2323 470 2388 l'em.831:
514 2318 589 2398 πῶς
612 2313 644 2384 d‘
668 2310 802 2402 όμματα
824 2314 1063 2402 προσβαλοῦσα

513 2421 643 2500 ιε’κνοις
665 2413 810 2506 όόακρον
830 2423 949 2506 μοῖραν

515 2521 648 2613 σχήσεις
670 2521 791 2612 (γόνους

296 2632 471 2699 Rectissime
489 2649 558 2695 eura
573 2631 743 2693 Hermanno
764 2630 836 2691 baec
851 2627 937 2692 rerba
956 2628 994 2691 ita
1015 2627 1287 2711 interpretabimur:
1304 2625 1379 2704 πῶς

213 2730 346 2822 σχήσεις
367 2737 488 2820 μοῖραν
507 2731 567 2821 τήν
588 2729 649 2820 σήν
670 2724 755 2796 ὥστε
777 2723 924 2816 όόακρον
944 2725 1050 2819 φόνου
1066 2719 1167 2810 eleut,-
1188 2732 1243 2795 abt
1258 2733 1379 2817 μοῖραν

213 2833 314 2924 ιγόιοο
329 2860 385 2923 pro
401 2833 504 2928 γόνον
518 2837 575 2902 diei
590 2846 695 2922 tentant
708 2837 810 2900 eedem
826 2836 1109 2917 eireunrloquutione
1121 2855 1178 2918 qua
1193 2835 1295 2918 μοῖρα
1311 2836 1379 2898 θα-

214 2938 311 3007 rciroo
325 2963 352 3005 r.
367 2943 429 3006 bat
446 2944 558 3024 aliaque
573 2941 680 3004 similia
694 2942 845 3004 dicuutur:
862 2958 921 3020 quo
942 2958 1034 3001 sensu
1053 2949 1150 3002 autem
1166 2931 1271 3024 φόνοι
1293 2929 1380 3000 ildo-

215 3067 292 3130 κροι
312 3040 445 3130 σχήσεις
466 3047 559 3127 accipi
582 3046 679 3118 velint,
699 3063 760 3106 non
782 3051 943 3124 extraneat
974 3041 1066 3104 Nobis
1082 3043 1155 3104 beee
1175 3041 1308 3122 loquutio
1329 3049 1380 3104 eut

216 3148 245 3212 irl
260 3148 423 3228 significare
438 3149 561 3222 ridetur,
576 3147 655 3228 «ruod
672 3147 859 3209 llerrnannus
875 3145 979 3207 merito
992 3143 1155 3206 abundum
1171 3143 1250 3218 dicit,
1265 3145 1381 3206 eaedem

216 3273 239 3312 ι.
255 3251 352 3312 credie
366 3259 473 3312 sortem
487 3251 627 3312 r'rrlu'bedr’s
642 3254 703 3312 nire
715 3251 845 3311 luorr'oo'e
859 3249 888 3312 b.
904 3269 929 3310 e.
951 3251 1012 3310 ιιίιι
1032 3247 1164 3310 lorrirrrr'e
1183 3257 1382 3328 temperatura

217 3375 247 3416 ιι
262 3373 281 3415 o
297 3353 396 3414 coede:
412 3361 460 3414 aut
477 3351 547 3413 nibil
564 3354 686 3415 aornim
702 3353 875 3433 significare.
907 3351 978 3413 Naar
996 3351 1076 3433 quod
1092 3350 1130 3413 illi
1147 3351 1272 3413 donasse
1287 3350 1380 3413 credi-

219 3459 325 3520 derunt
339 3447 441 3542 φόνοι
461 3443 547 3532 ἔχειν
567 3451 604 3514 de
615 3473 649 3515 eo
665 3455 720 3518 diei
736 3475 837 3538 posse,
853 3454 902 3536 qui
915 3455 1033 3518 eaedem
1046 3465 1215 3537 parlietrare
1229 3454 1382 3526 sustineat,

219 3562 247 3624 irl
275 3561 430 3624 manileeto
457 3557 561 3620 laisum
582 3565 637 3617 est.
667 3555 724 3617 Sed
745 3557 930 3620 llermannus
953 3558 1040 3620 etiam
1067 3551 1172 3644 φόνου
1193 3575 1260 3622 cunr
1280 3552 1383 3644 φόνον

220 3661 379 3746 μοιιιιιιιοιί
395 3660 488 3734 iubet,
503 3659 583 3741 quml
598 3665 675 3720 extat
690 3674 760 3718 eane
774 3659 805 3721 in
817 3660 928 3742 aliquot
944 3659 1110 3736 codicibus,
1125 3659 1239 3743 ipsique
1251 3661 1295 3724 rel
1310 3679 1381 3743 pro-

219 3778 318 3850 pterea
327 3761 550 3848 reraelerendum
567 3760 686 3834 violetur,
701 3759 778 3842 quia,
793 3762 817 3822 si
826 3757 929 3846 φόνου
944 3764 1064 3845 legatur,
1079 3763 1177 3828 statim
1190 3763 1382 3846 sequentibus

210 3870 315 3934 'uerbis
336 3858 374 3933 ori
397 3859 541 3943 δονόσει,
564 3865 645 3928 rudis
667 3863 774 3928 existat
787 3863 894 3940 bintus,
908 3886 997 3948 quem
1013 3869 1050 3930 ab
1066 3867 1204 3950 Euripide
1218 3866 1381 3930 admissum

220 3973 298 4038 rredi
313 3991 375 4038 non
390 3991 489 4055 χιοιιε.
521 3970 702 4034 Eneeautem
725 3958 871 4052 όόακρσι
891 3969 1008 4054 μοῖραι
1029 3965 1163 4058 σχήσεις
1184 3965 1382 4058 oduaridem

221 4079 301 4160 quod
323 4067 363 4141 ori
385 4067 697 4162 duodenenarium,
720 4074 811 4154 ligura
827 4071 944 4134 dicendi
967 4075 1084 4158 tragicis
1111 4075 1183 4140 setis
1207 4075 1322 4150 usitata,
1348 4075 1385 4138 de

222 4198 279 4262 «rua
294 4179 408 4244 ridendi
422 4181 482 4245 aiot
496 4183 622 4245 Porsen.
638 4179 674 4242 ad
689 4179 758 4242 Eur.
776 4177 888 4240 Pboou.
904 4195 930 4238 r.
946 4177 1018 4240 300.
1033 4179 1155 4243 Seidler.
1167 4179 1275 4262 adlolu
1293 4178 1382 4242 laer.

229 4284 316 4347 ldbl.
332 4283 396 4366 ipae
410 4283 446 4346 od
463 4283 556 4365 liger.
573 4303 602 4365 p.
618 4279 691 4347 899.
717 4279 878 4364 Αριίιιίιαι
890 4280 1053 4364 comparari
1065 4301 1155 4365 ροιιε
1166 4282 1341 4364 λαιαΙιγΙαιιι
1355 4281 1383 4344 ia

224 4389 324 4468 rigam.
339 4403 366 4447 r.
382 4379 583 4462 det'diuog
605 4380 667 4470 γὰρ
689 4375 751 4449 orire
773 4373 845 4449 oirrd
868 4377 1017 4470 γλώσσης
1038 4379 1118 4449 θεολ
1139 4380 1304 4461 κλύοντες,
1328 4375 1385 4447 olr-

223 4483 408 4574 όχισθιήτας
429 4476 529 4550 ’λλόοο
551 4483 688 4574 φθορὰς
712 4481 748 4564 λς
774 4477 956 4572 αἱματηρόν
976 4482 1091 4566 τεῦχος
1113 4479 1151 4550 οὐ
1174 4480 1386 4572 aegrotemus
