3106 4958
249 693 298 746 aut
319 701 441 764 prorsus
466 681 563 744 etiosa
583 681 748 763 nulliusque
773 682 809 744 atl
835 702 898 746 rem
920 698 1066 745 sunumm
1086 678 1243 754 momenti,
1262 679 1413 743 autetiam

250 785 406 856 eiusmodi,
425 803 499 866 quae
514 804 582 846 rum
598 785 661 848 aliia
676 785 807 867 partibus
823 785 969 850 coneiliari
990 784 1036 848 rix
1055 803 1146 865 posse
1166 783 1327 845 rideantur.
1371 782 1414 844 Ex

251 891 306 952 true
325 907 432 967 genere
450 887 591 950 artioris
606 889 653 951 illa
673 889 855 964 deliberatio,
869 890 918 953 lib.
934 890 979 952 ll'.
995 887 1068 962 init,
1082 905 1172 969 «pirum
1188 886 1414 949 consultandum

249 991 294 1064 ait,
309 991 461 1071 iruploriue
477 993 643 1073 partionem
658 1005 686 1056 et
702 1013 802 1075 paoem
823 993 900 1056 iuter
914 993 1040 1054 Graecos
1060 1001 1091 1053 et
1104 989 1250 1053 Troianos
1266 989 1415 1070 componi,

249 1112 285 1156 an
304 1093 412 1157 nunno
432 1095 623 1174 nuliutegrari
649 1096 769 1178 plaoeat.
816 1095 893 1164 Natu
915 1095 1039 1158 oblitum
1061 1115 1094 1156 re
1114 1113 1180 1156 esne
1200 1093 1329 1156 ostenuit
1352 1112 1414 1157 uon

250 1199 344 1262 nalum
356 1199 461 1262 veterio
473 1199 627 1263 ettiusdaut
640 1199 787 1282 promissi,
802 1219 862 1282 ‹pu›
878 1198 983 1262 lunoni
1000 1195 1144 1261 eaoitliuut
1158 1196 1263 1260 Troiae
1278 1217 1414 1278 apripenn-

250 1303 344 1376 tarn,
366 1303 418 1366 aorl
438 1305 590 1367 lte-sternar
608 1323 725 1386 quoquo
739 1301 972 1386 pollicitationis,
992 1321 1084 1384 quum
1100 1321 1132 1362 se
1147 1299 1281 1363 inituiam
1299 1301 1415 1365 netntttta

172 1437 177 1446 ·
252 1408 365 1486 nragrtis
380 1409 560 1471 Graecorum
576 1408 707 1471 cladibus
722 1408 937 1471 vindicaturum
953 1425 1018 1469 esso
1030 1405 1146 1468 'l'lretirli
1162 1404 1274 1478 annuit,
1290 1405 1319 1468 itt
1335 1407 1415 1486 quotl

253 1511 349 1592 pertiri
370 1509 426 1574 rtisi
447 1511 523 1574 belle
544 1511 739 1592 redintegrato
755 1529 816 1574 uon
833 1511 966 1592 potuisse
985 1517 1115 1590 apparet.
1161 1509 1260 1588 ltaque
1275 1508 1325 1588 qui
1340 1509 1417 1571 ltauo

155 1605 160 1614 ’
254 1623 364 1694 partem
380 1623 513 1684 tuentur,
536 1631 595 1675 nou
616 1614 695 1676 romu
712 1613 807 1676 loreru
828 1613 881 1675 seu
896 1611 1031 1674 sitttulute
1045 1610 1125 1692 loqui
1141 1610 1250 1682 volunt,
1267 1611 1415 1672 lacessen-

254 1725 310 1776 tem
327 1735 380 1796 per
395 1716 493 1778 iuaruu
513 1733 637 1777 uxorem
658 1715 814 1796 liliumque,
834 1733 906 1797 quas
921 1714 1047 1776 ararium
1061 1713 1198 1776 Troianis
1213 1713 1334 1774 inlesus
1349 1733 1417 1776 esso

251 1818 372 1890 arielem,
392 1817 597 1897 tlilautlautquo
617 1828 720 1898 prootae
738 1817 952 1890 inventionum,
978 1815 1027 1896 qui
1047 1815 1104 1888 aio,
1125 1824 1193 1878 aule
1213 1834 1300 1896 quatu
1320 1813 1417 1895 ipsius

253 1921 316 1982 loelli
337 1941 425 1983 casua
445 1929 590 1990 narraret,
611 1919 739 2000 patelieri
764 1919 850 1982 etiam
871 1919 928 1979 lror.
942 1918 1077 1990 uoluerit,
1091 1937 1219 1998 qttrmam
1235 1916 1334 1979 artiruo
1350 1934 1417 1995 erga

253 2031 394 2103 utrosque
418 2023 465 2084 ulei
491 2025 641 2097 eruerat).
686 2023 721 2084 Bt
748 2039 819 2084 utne
845 2021 989 2102 patetiuut
1014 2018 1210 2102 iruplaralrilea
1237 2019 1358 2081 lunonis
1389 2027 1418 2078 et

254 2125 396 2188 llinerrae
425 2125 455 2188 in
482 2124 628 2187 'Troianos
657 2123 728 2200 irae,
758 2142 832 2205 quae
860 2119 958 2183 natirui
988 2121 1043 2184 nisi
1074 2123 1181 2185 lrourm
1207 2121 1326 2184 interitu
1355 2139 1417 2184 uon

256 2238 391 2308 permuta
416 2227 470 2290 orell
491 2227 569 2290 untle
589 2235 686 2289 tantae
712 2225 818 2288 animia
838 2223 1009 2287 ueteribus
1029 2223 1100 2296 irae,
1126 2225 1185 2286 hoo
1204 2243 1264 2287 non
1285 2223 1417 2306 patrarit.

255 2331 367 2392 satim
383 2331 453 2394 rtiltil
469 2351 547 2413 opus
562 2339 624 2393 erat
639 2329 666 2391 itl
681 2327 798 2410 erponi,
813 2327 856 2389 rel
876 2327 955 2408 puorl
971 2345 1032 2390 nen
1049 2328 1232 2408 ignoraretur
1250 2326 1287 2390 ab
1302 2326 1417 2389 audito·

254 2433 353 2506 rilmr,
372 2433 415 2496 rel
436 2433 515 2514 ‹ptrort
537 2453 597 2496 nou
617 2433 826 2514 requireretur,
847 2429 890 2492 rel
904 2429 990 2492 etiam
1005 2439 1176 2512 propterea,
1196 2429 1290 2511 quod,
1306 2428 1332 2491 si
1347 2427 1418 2490 satia

256 2537 345 2600 iuratae
366 2537 430 2601 illae
449 2556 554 2600 catroaa
578 2536 687 2599 irarum
710 2534 866 2607 haberent,
892 2533 991 2596 miuus
1021 2535 1116 2597 iustus
1136 2533 1246 2618 lupiter
1266 2531 1419 2602 rideretur,

255 2641 303 2722 qui
319 2641 437 2718 ‹liprunu
455 2660 581 2722 poenam
597 2639 794 2702 Troianorum
816 2645 874 2699 tam
890 2653 976 2714 aegre
993 2645 1088 2700 tamen
1104 2636 1302 2700 noncessisset
1315 2643 1344 2698 et
1359 2643 1417 2698 tam
1531 2635 1533 2638 ’

256 2745 331 2808 lutto
346 2743 481 2824 exigerat
508 2745 607 2825 ltaque
621 2744 679 2806 lroo
692 2761 785 2821 portua
801 2740 965 2804 reticentiae
981 2757 1041 2802 non
1058 2740 1147 2803 rrrorlo
1164 2760 1224 2804 nou
1241 2739 1418 2814 mirantium,

255 2849 307 2910 teu
332 2847 509 2910 uelamen
537 2847 636 2928 pontiur
661 2853 823 2908 autumant
872 2843 948 2906 Nolo
969 2852 1070 2905 cotttru
1098 2844 1209 2916 «liure,
1236 2861 1331 2925 neque
1350 2841 1418 2904 ittuu

161 2955 166 2963 '
256 2969 334 3014 nuuc
356 2969 509 3031 quaerere.
529 2969 599 3012 nutu
617 2967 677 3012 uou
698 2947 763 3011 talia
783 2947 925 3028 quaedam
942 2945 1015 3007 ratio
1032 2945 1098 3008 iniri
1114 2946 1252 3027 potuerit,
1268 2965 1341 3026 «puae
1357 2963 1417 3008 non

256 3053 460 3116 rotmiroutetu
482 3051 600 3132 quidem
614 3053 726 3122 leuem,
746 3050 789 3112 aie
810 3059 842 3112 ut
861 3067 941 3112 ttuno
955 3047 1043 3110 villeri
1059 3066 1179 3111 rteoease
1193 3058 1247 3122 est,
1263 3049 1299 3112 ad
1314 3048 1418 3112 Troia·
1526 3047 1530 3056 “

257 3175 364 3220 uorum
385 3155 521 3228 iniuriae,
541 3155 592 3218 aul
614 3154 728 3218 torulum
749 3163 846 3216 tannen
868 3153 903 3215 orl
924 3151 1123 3215 ulciscendum
1146 3161 1336 3227 amputaret,
1357 3171 1418 3235 quo

257 3261 365 3325 sulioot
379 3259 433 3324 illis
449 3257 645 3342 puertiteutiae
661 3268 777 3340 tempus
792 3259 876 3320 lorol.
921 3254 995 3318 Nam
1012 3256 1107 3318 fateor
1122 3255 1192 3318 mihi
1208 3274 1327 3319 omnem
1344 3257 1420 3319 hano

258 3365 459 3448 quaestionem
475 3381 537 3426 aon
552 3380 732 3444 rtragnopere
745 3361 781 3424 at
797 3359 884 3424 huius
900 3357 1037 3422 eamninis
1052 3367 1258 3440 argumentum
1273 3359 1420 3439 pertinere

258 3467 356 3540 rideri,
376 3466 486 3549 quippe
507 3466 588 3547 quod
608 3485 669 3528 non
690 3465 719 3527 in
740 3463 875 3528 universo
895 3463 971 3526 bello
991 3461 1121 3525 Troiano
1139 3462 1261 3543 eiusque
1280 3461 1377 3525 eausia
1391 3472 1421 3524 et

258 3581 374 3641 euentu.
390 3570 442 3632 no
459 3578 571 3632 tautum
589 3569 617 3631 in
633 3568 752 3632 tenutis
766 3567 807 3631 ira
822 3568 945 3649 eiusque
959 3565 1126 3650 expiatione
1138 3576 1277 3628 versetur.

342 3672 434 3754 Magia
449 3672 508 3736 huo
527 3673 654 3756 pertinet
668 3673 744 3736 lovis
759 3671 916 3736 eonsilium
932 3671 969 3733 tle
988 3669 1107 3733 uetitus
1127 3667 1247 3732 uuorn.
1291 3669 1419 3730 Allectus

258 3777 304 3842 lrio
317 3788 379 3842 eat
392 3777 430 3840 ab
445 3761 666 3857 Agamemnone
685 3775 764 3858 gravi
783 3795 854 3840 saue
868 3783 897 3838 et
911 3773 1125 3839 contumeliosa
1140 3771 1259 3845 iniuria,
1279 3770 1315 3833 aul
1331 3755 1420 3850 qua'm

259 3881 452 3946 uloiaouularn
474 3880 576 3944 matria
596 3879 733 3944 auxilium
753 3879 899 3962 implorat.
944 3879 1036 3942 Mater
1055 3878 1154 3941 lovem
1169 3874 1243 3948 mlit,
1265 3871 1420 3937 contume-

260 3984 324 4048 liam
351 3984 410 4047 tilio
437 3987 540 4048 uotam
561 3984 763 4066 eloquentur,
788 3983 860 4067 petit
875 3993 907 4046 ut
933 3982 1040 4045 honori
1066 3979 1128 4044 eiua
1152 3978 1262 4061 lnpiter
1287 3977 1422 4041 consulet

261 4107 382 4167 eaunpue
397 4086 436 4148 ola
451 4107 569 4150 eausam
580 4087 716 4152 aniania
728 4084 879 4149 rieturiam
892 4085 1034 4166 tantisper
1045 4083 1197 4158 concedat,
1212 4082 1309 4145 donee
1319 4080 1421 4144 amitti

262 4190 438 4252 antefactum
454 4178 548 4253 tuerit.
592 4190 703 4272 luptiter
720 4188 771 4252 diu
787 4188 891 4252 taeitos
908 4187 1003 4251 redet:
1024 4188 1140 4251 tendam
1162 4185 1269 4250 iterum
1286 4181 1422 4267 preoibua

264 4293 394 4372 fatigatum
414 4293 557 4357 lemurum
577 4294 695 4376 quidem
715 4313 749 4356 aa
768 4293 848 4373 qued
868 4291 913 4356 illa
933 4290 1075 4374 petiverat
1089 4289 1255 4374 pollicetur,
1269 4287 1323 4350 aed
1337 4303 1423 4366 aegre

328 4517 354 4584 a
371 4515 484 4572 ortuo.
497 4517 515 4571 t
527 4517 545 4572 ι.
556 4535 579 4588 p.
595 4520 653 4573 roo.
