3092 4964
756 476 815 538 1⁷4

208 663 329 746 peperit.
357 661 459 744 licque
472 661 551 725 enirn
566 661 684 738 dubito,
703 661 789 744 quin,
809 679 877 724 eum
897 660 1096 738 lllomlreldio,
1118 663 1310 728 scribendum
1330 665 1368 728 sit

209 761 305 830 πόλει
327 759 388 846 μὲν
409 757 501 842 ίλκος
521 755 557 828 ἓν
577 759 617 829 τὸ
640 758 762 851 δήμιον
782 755 914 842 τυχόν,
930 783 991 828 non
1005 764 1122 846 τυχεῖν,
1137 775 1170 830 ot
1184 768 1300 833 coelicos
1315 769 1368 832 lra-

205 869 284 932 lient.
324 869 389 932 lluo
415 863 555 954 σήματα
575 859 727 932 inarare
749 867 872 932 nuntius
887 878 1116 946 commemorat,
1130 868 1255 934 altorum
1270 872 1368 954 publi-

207 991 287 1047 cum,
301 972 454 1036 universae
468 972 573 1036 civitati
587 991 683 1052 gravo,
698 967 738 1034 τὸ
752 965 873 1056 δήμιον
887 963 994 1050 τυχόν,
1010 973 1131 1035 altorum
1147 973 1269 1054 singulis
1285 975 1369 1038 lanii-

207 1075 251 1137 liis
267 1076 441 1152 aloloiulum,
462 1071 607 1152 πολλούς
628 1069 761 1138 πολλῶν
781 1069 1020 1151 ε’ξαιισίίίντας
1042 1069 1163 1157 δόμων.
1200 1077 1274 1140 llam
1295 1069 1369 1154 ἐξα-

106 1247 109 1256 ,
207 1172 388 1256 νασθύντας
424 1198 479 1262 pro
515 1171 766 1262 ἐξαγισθέντας,
796 1177 875 1258 apuod
910 1174 940 1239 in
978 1177 1064 1241 oadal.
1096 1188 1155 1254 est,
1191 1178 1372 1242 confidenter

206 1283 410 1363 reponendum
425 1301 493 1344 esse
507 1281 562 1344 aio.
607 1280 720 1354 Quodsi
741 1280 771 1342 in
791 1279 945 1361 superiore
966 1279 1100 1344 membro
1120 1281 1228 1362 τυχεῖν
1241 1281 1371 1358 dixisset,

205 1383 305 1446 debuit
320 1385 406 1446 otiam
423 1385 452 1446 in
467 1383 558 1446 altero
574 1381 708 1446 arromlira
729 1381 903 1445 infinitivum
920 1375 1158 1468 ε’ξανασθῆναι,
1174 1402 1235 1447 non
1257 1377 1371 1461 ἐξανα-

204 1479 351 1562 coines
358 1487 461 1560 ilicone,
474 1485 530 1548 nisi
541 1486 618 1549 lorto
630 1497 744 1566 gratum
758 1487 851 1549 lacere
863 1484 1062 1566 grammaticis
1070 1485 1255 1567 quibusdam,
1269 1486 1371 1559 soluit,

204 1596 237 1650 ut
252 1589 310 1651 lroe
321 1607 439 1671 quoque
454 1599 581 1655 lammae
602 1591 702 1655 suliito
723 1597 887 1652 structurae
898 1589 1064 1670 exemplum
1084 1589 1147 1652 aliis
1162 1609 1179 1652 a
1194 1609 1227 1652 se
1243 1589 1371 1654 collectis

203 1689 353 1755 altorem.
397 1694 455 1756 Sed
481 1693 511 1757 lai
538 1693 666 1758 contenti
692 1710 760 1755 esse
784 1699 926 1773 poterunt
946 1711 997 1768 eo,
1022 1691 1102 1774 quel
1127 1691 1224 1775 paullo
1244 1693 1318 1757 ialra
1343 1713 1370 1755 ν.

204 1795 383 1860 ort-om
404 1797 459 1861 sibi
481 1799 610 1861 olrlalum
633 1797 740 1860 sitient.
766 1829 810 1842 ·-
836 1795 967 1876 lienique
992 1813 1019 1858 r.
1039 1795 1102 1858 823
1126 1792 1256 1858 παιᾶνα
1277 1786 1372 1860 τόνδ’

200 1889 359 1982 Ἐρινύιον
372 1919 433 1964 non
450 1910 548 1983 potest
568 1920 668 1964 sorum
689 1919 765 1964 esse.
796 1897 900 1980 licque
921 1897 999 1961 enlm
1015 1899 1191 1981 sequacia
1207 1898 1371 1982 superiori·

203 2001 260 2064 bus
287 2004 420 2067 seruilius
447 2004 681 2068 conditionaliter
706 2005 780 2066 uicta
804 2011 888 2074 sunt,
918 1993 999 2063 ίίταν
1020 1993 1052 2065 δ’
1074 1991 1225 2066 ίίντεταιτα
1246 1995 1373 2088 πήματ’

203 2095 342 2186 ίίγχελος
356 2099 453 2192 pipp,
469 2125 525 2186 pro
542 2126 674 2188 pacano
689 2103 879 2170 Furiarum
896 2103 995 2166 lrabori
1010 2113 1146 2186 praesunt
1177 2104 1371 2169 Scribcntlum

204 2205 293 2284 igitur
307 2204 438 2269 eretriae
460 2203 525 2269 τῶν
544 2199 707 2292 Ἐρινύων.
744 2206 887 2268 tloilicum
903 2205 1048 2287 scriplum
1060 2207 1128 2267 irinc
1140 2215 1203 2269 orta
1218 2218 1276 2280 est,
1293 2207 1371 2288 quael

203 2325 298 2386 qurum
313 2301 371 2368 τόν
389 2326 444 2388 pro
459 2305 526 2370 τῶν
539 2309 682 2390 scriptum
699 2317 793 2382 osset,
809 2316 991 2370 correctores
1008 2306 1142 2369 lulcienali
1164 2327 1267 2371 versus
1282 2308 1372 2387 gratia

203 2407 274 2470 itluo
287 2399 321 2469 δ’
335 2409 518 2474 arlilirlerunt.
548 2411 694 2475 Articulus
710 2418 806 2473 etitem
823 2417 904 2471 lamo
916 2407 1015 2470 minus
1027 2409 1281 2482 ollcmlorcrlebet,
1293 2410 1371 2490 quoil

198 2501 357 2592 Ἐρινύιον
376 2529 486 2574 nomon
506 2513 710 2596 appellativum
731 2512 826 2591 riragis
842 2530 929 2592 quam
945 2511 1098 2592 proprium
1125 2519 1179 2574 est
1220 2511 1282 2574 Vial.
1299 2529 1372 2592 quac·

200 2611 261 2674 tiri
277 2611 314 2674 ml
331 2612 415 2675 Eune.
431 2633 460 2696 p.
477 2613 528 2677 ut.
549 2617 592 2678 (Σύ.
608 2615 709 2678 Prono.
725 2634 751 2676 v.
767 2615 846 2677 lllll:
863 2604 894 2675 oi
911 2609 1169 2699 προσκυνοῦντες
1182 2609 1242 2697 τήν
1252 2603 1371 2698 Ἀδρύ-

200 2732 319 2778 στειαν
339 2708 450 2804 σοφοί.

148 2829 177 2880 at
292 2818 324 2880 ln
355 2821 476 2882 secundi
506 2820 621 2884 stasimi
652 2821 774 2901 stropha
805 2820 934 2882 secunda
964 2837 989 2880 v.
1017 2818 1079 2882 om
1105 2837 1170 2900 sqq.
1197 2815 1371 2900 Aeschylum

202 2919 361 3003 scripsisse
375 2921 526 3004 suspicor:

349 3017 457 3087 πολέα
479 3015 577 3104 δ’ίσχ’
599 3019 634 3089 ἐν
656 3018 821 3108 ιίχιωίλαις
843 3018 1023 3110 νεοτρόφου
1044 3017 1156 3087 τέκνου
1179 3016 1285 3103 δίκαν,

348 3123 553 3212 φαιδρωπὸν
575 3121 655 3191 croti
677 3128 771 3212 χείρα
794 3117 949 3190 σαίνοντα
972 3119 1115 3209 γαστρὸς
1137 3117 1306 3210 αίναίχιαις.

202 3227 328 3291 Callima
351 3230 459 3292 lmlrant
481 3223 681 3316 perdocentia
703 3242 732 3292 ot
747 3220 870 3294 σαίνιον
883 3249 933 3302 τε,
954 3248 1041 3310 apuam
1062 3229 1218 3294 lectionem
1234 3230 1282 3311 apri
1299 3229 1372 3292 tucri

203 3331 315 3406 solent,
330 3332 376 3394 liis
393 3351 513 3395 streame
528 3333 583 3397 orit
598 3343 647 3396 orit
663 3324 740 3397 ἔσκε
755 3333 960 3397 scrilmrecum
976 3333 1138 3415 prioribus,
1153 3344 1203 3396 aot
1217 3323 1290 3414 ἔσχε
1305 3351 1371 3396 eum

203 3438 374 3500 llennanno
395 3437 516 3499 neutrali
537 3437 701 3519 signiliratu
722 3436 833 3500 dictum
850 3447 993 3510 statuere,
1009 3437 1088 3518 quod
1108 3457 1196 3518 optram
1211 3429 1318 3500 (lurum
1335 3437 1373 3498 sit

203 3538 233 3602 in
250 3540 310 3602 lroe
329 3549 467 3604 contextu
489 3540 635 3603 arcorinern
657 3540 754 3604 lallere
781 3549 887 3622 potest.
919 3540 1038 3604 ilcrarlit
1072 3540 1152 3621 quod
1179 3540 1209 3603 in
1236 3541 1372 3604 codicum

201 3642 350 3724 scriptura
365 3661 427 3706 nou
439 3652 517 3705 reete
531 3643 690 3724 separatim
706 3653 859 3726 ponuntur
875 3663 949 3725 «puae
968 3665 1015 3707 res
1032 3643 1095 3726 ipsa
1111 3643 1250 3725 coniungi
1267 3655 1373 3725 postu-

203 3748 253 3809 lat.
283 3745 356 3808 Nam
371 3763 433 3808 non
448 3745 526 3808 aliud
541 3755 589 3809 est
602 3742 799 3832 ιραιιίροπίις
812 3741 892 3809 arari
908 3747 1018 3830 χεῖρα,
1035 3745 1113 3809 είίιιιΙ
1128 3754 1225 3810 autern
1241 3736 1372 3822 σαίνων,
1489 3815 1490 3818 ¹

202 3847 256 3911 sed
271 3849 385 3912 catulus
400 3847 445 3911 ille
465 3847 560 3911 leonis
586 3842 669 3912 ιιότί
691 3849 785 3934 χεῖρα
807 3840 916 3914 σαίνει
937 3842 1154 3938 φαιδρωπιίς,
1176 3850 1215 3912 ιιιί
1231 3867 1371 3912 manum

203 3949 341 4014 uoiaiini
358 3950 522 4014 hilariter
536 3951 685 4014 adulans
700 3953 850 4016 accedit
881 3953 1016 4034 vulgatae
1035 3950 1151 4015 lectioni
1172 3951 1243 4015 nihil
1257 3959 1374 4033 practer

204 4053 340 4118 coelicum
365 4055 566 4118 auctoritatam
591 4055 807 4136 patrocinatur,
832 4075 906 4137 «puae
932 4053 1033 4138 quanti
1060 4054 1190 4118 laciemla
1209 4053 1261 4130 sit,
1279 4053 1309 4118 in
1326 4054 1372 4117 liis

206 4155 380 4238 praesertim
401 4158 512 4222 labulao
533 4158 680 4242 partibus,
699 4159 750 4222 ulii
774 4159 921 4223 llcalieeus
941 4157 1050 4234 delicit,
1068 4157 1170 4239 peritis
1186 4157 1295 4240 exponi
1310 4177 1372 4221 non

206 4277 286 4342 opus
300 4269 354 4322 est.
366 4293 407 4306 —
417 4261 517 4342 Neque
531 4272 610 4325 recte
621 4262 822 4326 llennannmn
838 4282 863 4324 r.
879 4261 942 4324 693
954 4247 1015 4324 ὧδ’
1030 4279 1085 4342 pro
1098 4251 1203 4338 οὕτως
1216 4259 1373 4342 scripsisse

206 4371 291 4445 puto.
319 4361 455 4425 ltuunaa
475 4363 576 4443 potius
596 4365 650 4428 luit
669 4365 869 4448 antistropha,
882 4383 909 4426 ν.
926 4362 989 4427 700
1000 4367 1070 4446 sqq.
1087 4363 1117 4426 in
1139 4364 1220 4427 hunc
1233 4363 1372 4427 ruoilum:

204 4457 399 4550 χρονισθεὶς
420 4453 629 4543 (ίίίπίδειξεν
643 4459 666 4533 ύ
675 4503 716 4516 -
730 4470 798 4545 θος
817 4463 858 4531 τό
880 4461 965 4550 πρὸς
983 4459 1122 4532 τοκέων·
1142 4459 1241 4552 χοίριν
1254 4499 1297 4513 -
1311 4459 1374 4548 reio
