3078 4954
179 693 338 759 christiana
362 695 493 760 doctrine
514 692 593 780 περὶ
618 691 679 784 τῆς
703 687 835 760 dvroeav
859 691 953 778 παρὰ
979 691 1063 760 θεοῦ
1085 691 1264 784 κοτιοιῑσης
1285 689 1344 760 ἐπὶ

178 792 257 874 τοὺς
278 789 395 881 ἁγίους
415 789 537 884 ἄνδρας
559 797 700 883 δωρεᾶς,
729 791 768 887 ἣν
794 795 924 881 πνεῦμα
945 791 1042 882 e‘iyrov
1067 789 1290 880 ὀνομάζουσιν
1311 789 1341 860 ei

181 889 265 983 ἱεροὶ
288 898 471 990 προφῆται.
516 903 617 987 Neque
630 923 699 968 vero
714 923 792 967 rinus
806 915 857 967 aut
871 905 943 968 alter
957 903 995 966 ita
1010 905 1153 968 sentiebat
1168 925 1185 966 e
1199 903 1345 966 ueteribus

180 1003 245 1066 istis
270 1005 405 1087 paganis,
429 1008 482 1071 sed
503 1017 565 1072 erat
583 1009 655 1072 lmen
679 1017 820 1072 constans
844 1016 873 1070 ot
897 1007 983 1069 inlisa
1010 1007 1156 1091 plerisque
1180 1007 1343 1090 persuasio,

181 1107 264 1170 cuins
280 1115 370 1175 testes
385 1111 454 1174 inde
473 1110 510 1174 alr
525 1111 654 1175 Homero
674 1121 703 1175 et
719 1110 880 1174 laliularum
901 1109 1071 1173 auotorilius
1086 1110 1228 1192 usquead
1245 1110 1344 1173 l’lato·

182 1235 250 1279 nem
271 1215 389 1299 plurimi
410 1213 532 1296 produci
552 1227 688 1296 possunt.
732 1213 870 1276 tlxritisse
889 1213 974 1276 etiam
996 1232 1057 1277 non
1073 1232 1184 1296 pauens
1199 1213 1250 1294 qui
1265 1213 1345 1276 aliter

181 1327 358 1394 statuerent,
377 1318 444 1400 quis
463 1328 514 1381 aut
527 1318 620 1382 nescit
633 1327 682 1382 aut
701 1315 871 1380 mirabitur·
884 1315 936 1392 til
979 1316 1079 1398 Neque
1099 1317 1248 1380 intercedo
1262 1317 1344 1398 equi·
1415 1345 1419 1354 ·

182 1423 267 1496 dem,
286 1421 447 1502 quominus
461 1420 568 1484 nomm
584 1419 727 1484 sententia
743 1419 831 1482 hodie
850 1417 935 1482 aliqui
950 1421 1046 1483 serior
1060 1440 1127 1482 esse
1141 1419 1286 1482 rideatur:
1300 1431 1344 1480 est

180 1521 257 1586 enim
274 1523 344 1585 huie
357 1522 486 1586 noviciae
500 1522 664 1596 doetrinae,
682 1524 797 1604 qudem
818 1523 948 1604 plerique
968 1542 1047 1586 nune
1062 1521 1278 1604 amplexentur,
1293 1522 1344 1582 ali·

181 1635 293 1707 quanto
312 1625 542 1690 convenientior.
586 1625 644 1688 Sed
665 1625 733 1688 illud
753 1635 929 1688 tamennon
950 1625 1101 1688 terendum
1121 1645 1190 1688 esse
1208 1623 1343 1698 arbitrer,

180 1727 206 1790 si
221 1728 288 1810 quis
303 1729 380 1793 liano
397 1727 570 1811 sapientiam
589 1727 677 1791 etiam
693 1727 838 1791 reterilsus
853 1727 925 1800 illis,
945 1727 1087 1808 deselqlo
1105 1728 1227 1809 eiusque
1241 1726 1344 1789 sirmii·

181 1830 238 1894 laus
254 1832 416 1893 obtrudens
435 1830 540 1893 deinde
555 1829 626 1902 sibi,
649 1829 770 1892 adlidi
792 1829 971 1910 exemplum,
990 1829 1125 1910 antiquas
1144 1849 1193 1892 res
1213 1827 1344 1891 tractardi

182 1931 314 1994 animum
336 1931 397 1994 lieri
416 1931 568 2012 antiquum
590 1929 738 2010 gloriatur.
782 1930 851 1994 llilri
867 1931 967 2004 cente,
982 1947 1044 1992 non
1059 1929 1197 2010 aritiquus
1212 1931 1267 1992 iste
1280 1929 1344 1992 eui·

182 2051 260 2106 mus,
275 2033 327 2094 sed
343 2031 430 2113 plone
444 2041 525 2095 totos
541 2031 673 2094 norisius
688 2040 742 2092 est.

268 2133 355 2198 Nune
369 2134 401 2196 lo
417 2131 641 2213 contemplenda
655 2131 719 2206 erit,
735 2133 771 2194 de
785 2150 842 2212 qua
858 2150 932 2213 quoe
945 2133 1130 2195 llormannus
1147 2131 1218 2193 milri
1233 2130 1346 2202 oliieeit,

182 2237 255 2298 haee
273 2255 391 2318 quoque
412 2245 488 2298 reete
508 2233 669 2298 examinato
690 2233 760 2296 oildl
775 2233 833 2296 nisi
849 2235 950 2297 laisein
971 2233 1007 2296 de
1022 2233 1088 2296 loro
1104 2233 1262 2314 deselspleo
1278 2251 1346 2314 per·

182 2338 352 2402 suasionem
372 2338 489 2419 penitus
508 2337 608 2400 animo
627 2335 690 2399 eius
709 2335 853 2399 insedisse
872 2337 1088 2398 demonstrant.
1119 2335 1282 2398 Fatendum
1301 2344 1345 2396 ast

184 2459 268 2516 sano,
288 2441 448 2522 permultas
467 2441 504 2504 de
519 2439 671 2503 anrorilms
686 2437 809 2502 deorum
826 2437 935 2501 tabulas
950 2439 988 2502 ita
1004 2447 1053 2500 aut
1072 2441 1154 2499 lie-tas
1168 2437 1205 2498 ela
1220 2435 1347 2498 auctori·

183 2541 239 2606 lms
254 2551 304 2605 aut
323 2543 445 2606 oilliotas
459 2562 475 2604 a
491 2541 705 2622 posterioribus
719 2561 797 2614 esse,
818 2549 850 2602 ut
865 2541 1016 2621 religiosae
1034 2541 1158 2602 deorum
1173 2537 1347 2601 uenerationi

137 2653 144 2668 '
185 2663 245 2708 nou
266 2652 391 2726 possent
410 2661 471 2707 non
494 2661 674 2724 magnopere
694 2647 825 2706 oliieere:
845 2653 1045 2706 remmtanmn
1065 2643 1114 2724 qui
1135 2640 1205 2704 nillil
1221 2641 1348 2706 allodiis

184 2747 322 2811 omnibus
334 2765 422 2828 quom
438 2747 610 2809 amatorium
622 2745 769 2827 quandam
783 2743 933 2807 libidinem
949 2755 978 2806 et
989 2743 1241 2826 intemperantiam
1258 2743 1348 2824 signi-

184 2851 262 2914 dmri
283 2847 455 2924 contendat,
480 2849 558 2910 haud
579 2847 677 2911 minus
698 2850 830 2930 prolecto
857 2855 971 2928 preceet,
996 2866 1083 2927 «quam
1104 2847 1204 2928 quiin
1225 2847 1302 2908 nulla
1321 2845 1348 2906 id

185 2955 379 3016 commissum
401 2970 469 3014 esse
488 2951 596 3014 eredat.
641 2949 763 3012 l'roliavi
784 2949 934 3030 equidem,
953 2949 981 3011 id
997 2950 1075 3031 quod
1091 2951 1137 3012 alii
1156 2967 1275 3030 qumque
1295 2949 1349 3011 ‹lu-

184 3055 255 3120 dum
276 3054 492 3130 intellexerunt,
512 3053 635 3118 subesse
653 3052 824 3116 huiusmodi
845 3053 961 3126 lanulis,
981 3069 1041 3114 nrm
1062 3052 1180 3132 quidem
1201 3052 1349 3121 onmilrus,

183 3161 236 3223 sed
258 3169 353 3222 meren
374 3176 435 3221 nou
456 3157 572 3240 paucis,
592 3175 657 3219 eam
675 3157 864 3228 sententiam,
886 3165 917 3218 ut
932 3155 987 3227 dii,
1007 3174 1066 3236 quo
1081 3174 1175 3234 gertus
1191 3155 1352 3218 liunnmum

184 3263 220 3325 ad
240 3262 286 3326 sui
306 3260 528 3324 similitudinem
548 3260 732 3331 extollerent,
751 3277 925 3340 procreasse
945 3257 1113 3320 dicemutur
1126 3277 1160 3320 ex
1181 3257 1353 3320 rarortallbus

184 3364 358 3428 mulieribus
373 3364 459 3438 lilios,
474 3363 504 3426 in
518 3362 627 3445 quibus
639 3363 766 3426 humma
782 3371 885 3425 nattum
900 3380 969 3424 eum
984 3360 1079 3424 «lirina
1095 3361 1253 3424 coniuncta
1267 3369 1356 3435 esset,

184 3477 214 3530 et
229 3467 279 3548 qui
295 3465 399 3530 ceteris
414 3475 465 3530 aut
474 3463 606 3546 exempla
621 3465 741 3528 erlerent
751 3464 788 3526 ad
801 3463 984 3538 imitandum,
998 3472 1049 3526 aut
1060 3463 1133 3526 sitne
1148 3481 1253 3527 eurum
1269 3481 1354 3544 prrae-

185 3568 271 3632 eloris
295 3567 378 3631 laetis
403 3578 432 3631 et
456 3567 597 3630 institutis
617 3566 803 3648 prodessent
849 3566 881 3629 ld
904 3566 1091 3630 llermannus
1115 3583 1211 3647 neque
1235 3576 1355 3628 auctore
1405 3641 1408 3646 Ι

184 3670 243 3734 ullo
259 3678 397 3733 testatum
413 3688 467 3734 neo
480 3688 513 3733 re
527 3667 754 3752 comprobatum
769 3687 836 3732 esse
849 3669 959 3750 arguit,
979 3669 1030 3732 sed
1046 3669 1072 3731 si
1087 3667 1155 3750 quia
1175 3669 1267 3731 homo
1282 3667 1355 3732 altos

184 3773 290 3838 uirtute
308 3773 435 3837 multum
456 3772 653 3847 antecelleret,
671 3790 739 3834 eum
755 3770 850 3833 risum
866 3791 933 3834 esse
952 3770 989 3834 alr
1004 3772 1059 3835 deo
1080 3771 1223 3853 originem
1238 3769 1354 3842 duoem,

185 3887 219 3942 ut
231 3876 399 3942 Tantalidos
414 3876 490 3952 illos,

190 4015 432 4029 δ--ι-οκ--υ
461 4021 463 4026 ·
485 4019 490 4027 ι

257 4069 296 4135 to)
315 4067 436 4122 Novimus
445 4076 527 4122 umen
538 4065 611 4119 luins
621 4067 765 4119 oootruriae
774 4067 917 4118 seooeuls'se
926 4071 986 4117 nete
995 4066 1164 4135 sophistam
1173 4075 1284 4121 neuun
1292 4085 1355 4122 uo-

185 4161 267 4208 tereto
279 4153 388 4208 nullust:
399 4164 496 4224 postea,
509 4153 611 4207 labeots
623 4161 713 4206 vetere
724 4152 864 4221 disciplina,
877 4151 953 4204 latius
963 4153 1067 4220 serpsit.
1091 4153 1145 4206 llus
1157 4155 1278 4222 perimet,
1289 4156 1356 4223 qud

186 4239 238 4294 Cle.
250 4240 282 4293 do
294 4239 325 4293 li.
339 4240 369 4295 u.
379 4239 424 4306 lll,
442 4240 476 4291 to
489 4239 665 4292 Acade-iou·
676 4239 799 4292 δίοοοῑοιο
817 4237 890 4291 lusit:
903 4237 1048 4304 „Virtutem
1060 4255 1134 4292 seue
1145 4255 1254 4308 usqu-
1265 4257 1356 4310 nesep-

186 4334 237 4380 tsrn
256 4327 304 4379 dea
325 4326 422 4379 rendit.
450 4323 573 4377 lli-iren
597 4332 677 4377 reete.
710 4324 819 4393 Propter
834 4324 955 4377 virtutem
976 4325 1042 4378 eoin
1058 4325 1114 4378 iure
1135 4326 1269 4379 laudamur
1288 4335 1317 4380 at
1332 4327 1356 4379 in

185 4415 282 4467 virtute
294 4419 365 4466 reete
377 4411 525 4478 gloria-ar,
538 4410 604 4478 qood
617 4427 666 4462 seu
678 4411 850 4478 sontium-et,
862 4409 884 4462 si
897 4409 921 4461 ld
934 4410 1026 4463 loson
1037 4427 1053 4464 ι
1065 4412 1123 4478 des,
1136 4427 1185 4465 ssa
1196 4427 1213 4464 a
1224 4412 1299 4466 subis
1311 4414 1357 4465 la-

186 4500 313 4554 borasses.
336 4498 401 4553 ne·
412 4497 477 4566 quis,
489 4496 556 4564 quot
568 4495 649 4549 basa
661 4497 703 4549 sir
713 4505 793 4563 esset,
804 4497 901 4562 grstia·
912 4495 962 4550 diis
974 4497 1028 4564 egit
1039 4498 1181 4567 ηοω-Ρ
