<?xml version="1.0" encoding="UTF-8"?>
<!DOCTYPE html PUBLIC "-//W3C//DTD XHTML 1.0 Transitional//EN"
    "http://www.w3.org/TR/xhtml1/DTD/xhtml1-transitional.dtd">
<html xmlns="http://www.w3.org/1999/xhtml" xml:lang="en" lang="en">
 <head>
  <title>
</title>
<meta http-equiv="Content-Type" content="text/html;charset=utf-8" />
  <meta name='ocr-system' content='tesseract 3.04.00' />
  <meta name='ocr-capabilities' content='ocr_page ocr_carea ocr_par ocr_line ocrx_word'/>
</head>
<body>
  <div class='ocr_page' id='page_1' title='image "./opusculaacademi01schgoog_0161.png"; bbox 0 0 3078 4954; ppageno 0'>
   <div class='ocr_carea' id='block_1_1' title="bbox 639 457 838 554">
    <p class='ocr_par' dir='ltr' id='par_1_1' title="bbox 639 457 838 554">
     <span class='ocr_line' id='line_1_1' title="bbox 639 457 838 554; baseline 0 0"><span class='ocrx_word' id='word_1_1' title='bbox 639 457 838 554; x_wconf 58' lang='lat' dir='ltr'>...P-⁹.-.</span> 
     </span>
    </p>
   </div>
   <div class='ocr_carea' id='block_1_2' title="bbox 152 636 1365 4105">
    <p class='ocr_par' dir='ltr' id='par_1_2' title="bbox 153 636 1324 1040">
     <span class='ocr_line' id='line_1_2' title="bbox 155 636 1324 732; baseline -0.002 -22"><span class='ocrx_word' id='word_1_2' title='bbox 155 657 256 711; x_wconf 85' lang='lat' dir='ltr'>mento</span> <span class='ocrx_word' id='word_1_3' title='bbox 284 639 467 724; x_wconf 78' lang='grc' dir='ltr'><strong><em>ταλαίναις.</em></strong></span> <span class='ocrx_word' id='word_1_4' title='bbox 512 647 546 711; x_wconf 93' lang='lat' dir='ltr'>ln</span> <span class='ocrx_word' id='word_1_5' title='bbox 574 643 702 710; x_wconf 86' lang='lat' dir='ltr'>iledicen</span> <span class='ocrx_word' id='word_1_6' title='bbox 731 639 795 732; x_wconf 76' lang='lat' dir='ltr'>peri</span> <span class='ocrx_word' id='word_1_7' title='bbox 815 636 973 721; x_wconf 77' lang='grc' dir='ltr'><strong><em>ταλαίνας</em></strong></span> <span class='ocrx_word' id='word_1_8' title='bbox 993 656 1043 709; x_wconf 83' lang='lat' dir='ltr'>rut</span> <span class='ocrx_word' id='word_1_9' title='bbox 1064 640 1128 731; x_wconf 82' lang='grc' dir='ltr'>φεῦ</span> <span class='ocrx_word' id='word_1_10' title='bbox 1148 636 1324 720; x_wconf 81' lang='grc' dir='ltr'><strong><em>ταλαίναις</em></strong></span> 
     </span>
     <span class='ocr_line' id='line_1_3' title="bbox 154 740 1321 833; baseline -0.003 -19"><span class='ocrx_word' id='word_1_11' title='bbox 154 769 219 814; x_wconf 84' lang='lat' dir='ltr'>esse</span> <span class='ocrx_word' id='word_1_12' title='bbox 234 749 354 826; x_wconf 89' lang='lat' dir='ltr'>dicitur,</span> <span class='ocrx_word' id='word_1_13' title='bbox 368 763 481 826; x_wconf 84' lang='lat' dir='ltr'>ortum,</span> <span class='ocrx_word' id='word_1_14' title='bbox 497 760 530 815; x_wconf 90' lang='lat' dir='ltr'>ut</span> <span class='ocrx_word' id='word_1_15' title='bbox 544 749 683 824; x_wconf 76' lang='lat' dir='ltr'><strong>arbitror,</strong></span> <span class='ocrx_word' id='word_1_16' title='bbox 698 767 733 812; x_wconf 87' lang='lat' dir='ltr'>ex</span> <span class='ocrx_word' id='word_1_17' title='bbox 747 740 992 833; x_wconf 80' lang='grc' dir='ltr'><strong><em>φιλταλαίναις,</em></strong></span> <span class='ocrx_word' id='word_1_18' title='bbox 1007 767 1098 832; x_wconf 81' lang='lat' dir='ltr'>quum</span> <span class='ocrx_word' id='word_1_19' title='bbox 1111 748 1208 814; x_wconf 77' lang='lat' dir='ltr'>samba</span> <span class='ocrx_word' id='word_1_20' title='bbox 1223 767 1321 812; x_wconf 84' lang='lat' dir='ltr'>arero</span> 
     </span>
     <span class='ocr_line' id='line_1_4' title="bbox 155 851 1319 937; baseline 0 -23"><span class='ocrx_word' id='word_1_21' title='bbox 155 853 294 919; x_wconf 81' lang='lat' dir='ltr'>uocabulo</span> <span class='ocrx_word' id='word_1_22' title='bbox 309 856 345 919; x_wconf 80' lang='lat' dir='ltr'>rd</span> <span class='ocrx_word' id='word_1_23' title='bbox 360 853 424 919; x_wconf 86' lang='lat' dir='ltr'>eius</span> <span class='ocrx_word' id='word_1_24' title='bbox 439 853 730 937; x_wconf 76' lang='lat' dir='ltr'>interpretamentum</span> <span class='ocrx_word' id='word_1_25' title='bbox 745 851 890 916; x_wconf 79' lang='lat' dir='ltr'>aberraret</span> <span class='ocrx_word' id='word_1_26' title='bbox 910 862 939 915; x_wconf 92' lang='lat' dir='ltr'>et</span> <span class='ocrx_word' id='word_1_27' title='bbox 953 852 998 915; x_wconf 88' lang='lat' dir='ltr'>sie</span> <span class='ocrx_word' id='word_1_28' title='bbox 1011 863 1170 936; x_wconf 85' lang='lat' dir='ltr'>utrumque</span> <span class='ocrx_word' id='word_1_29' title='bbox 1184 853 1319 918; x_wconf 88' lang='lat' dir='ltr'>inunum</span> 
     </span>
     <span class='ocr_line' id='line_1_5' title="bbox 153 955 1156 1040; baseline 0 -20"><span class='ocrx_word' id='word_1_30' title='bbox 153 959 303 1022; x_wconf 81' lang='lat' dir='ltr'>conderet.</span> <span class='ocrx_word' id='word_1_31' title='bbox 333 958 365 1021; x_wconf 88' lang='lat' dir='ltr'>ln</span> <span class='ocrx_word' id='word_1_32' title='bbox 381 957 595 1040; x_wconf 85' lang='lat' dir='ltr'>antistreplrico</span> <span class='ocrx_word' id='word_1_33' title='bbox 610 966 707 1021; x_wconf 88' lang='lat' dir='ltr'>autem</span> <span class='ocrx_word' id='word_1_34' title='bbox 722 956 786 1018; x_wconf 85' lang='lat' dir='ltr'>sine</span> <span class='ocrx_word' id='word_1_35' title='bbox 801 955 891 1018; x_wconf 88' lang='lat' dir='ltr'>dubio</span> <span class='ocrx_word' id='word_1_36' title='bbox 906 955 1094 1020; x_wconf 83' lang='lat' dir='ltr'>scribendum</span> <span class='ocrx_word' id='word_1_37' title='bbox 1110 968 1156 1020; x_wconf 85' lang='lat' dir='ltr'>est</span> 
     </span>
    </p>

    <p class='ocr_par' dir='ltr' id='par_1_3' title="bbox 153 1049 1321 1452">
     <span class='ocr_line' id='line_1_6' title="bbox 353 1049 1060 1142; baseline -0.001 -18"><span class='ocrx_word' id='word_1_38' title='bbox 353 1057 550 1141; x_wconf 79' lang='grc' dir='ltr'><strong><em>μελοτυπεῖς</em></strong></span> <span class='ocrx_word' id='word_1_39' title='bbox 571 1051 707 1142; x_wconf 77' lang='grc' dir='ltr'><strong><em>ύμουό</em></strong></span> <span class='ocrx_word' id='word_1_40' title='bbox 728 1053 764 1125; x_wconf 72' lang='grc' dir='ltr'><strong><em>ἓν</em></strong></span> <span class='ocrx_word' id='word_1_41' title='bbox 785 1049 921 1142; x_wconf 86' lang='grc' dir='ltr'><strong><em>ὀρθίοις</em></strong></span> <span class='ocrx_word' id='word_1_42' title='bbox 934 1053 1060 1141; x_wconf 88' lang='grc' dir='ltr'><strong><em>νόμοις.</em></strong></span> 
     </span>
     <span class='ocr_line' id='line_1_7' title="bbox 154 1152 1321 1246; baseline -0.001 -21"><span class='ocrx_word' id='word_1_43' title='bbox 154 1161 227 1226; x_wconf 86' lang='lat' dir='ltr'>Nam</span> <span class='ocrx_word' id='word_1_44' title='bbox 243 1152 373 1244; x_wconf 78' lang='grc' dir='ltr'><strong><em>όμουσα</em></strong></span> <span class='ocrx_word' id='word_1_45' title='bbox 387 1162 565 1227; x_wconf 75' lang='lat' dir='ltr'>Cassandrae</span> <span class='ocrx_word' id='word_1_46' title='bbox 580 1161 711 1226; x_wconf 82' lang='lat' dir='ltr'>vaticinia</span> <span class='ocrx_word' id='word_1_47' title='bbox 726 1163 863 1226; x_wconf 85' lang='lat' dir='ltr'>dicuutur</span> <span class='ocrx_word' id='word_1_48' title='bbox 877 1162 979 1225; x_wconf 87' lang='lat' dir='ltr'>eadem</span> <span class='ocrx_word' id='word_1_49' title='bbox 994 1163 1121 1238; x_wconf 87' lang='lat' dir='ltr'>mtione,</span> <span class='ocrx_word' id='word_1_50' title='bbox 1135 1182 1192 1246; x_wconf 78' lang='lat' dir='ltr'>qua</span> <span class='ocrx_word' id='word_1_51' title='bbox 1208 1162 1321 1244; x_wconf 78' lang='lat' dir='ltr'>spiriu·</span> 
     </span>
     <span class='ocr_line' id='line_1_8' title="bbox 153 1257 1321 1352; baseline -0.001 -24"><span class='ocrx_word' id='word_1_52' title='bbox 153 1266 198 1346; x_wconf 82' lang='lat' dir='ltr'>gis</span> <span class='ocrx_word' id='word_1_53' title='bbox 217 1266 341 1330; x_wconf 82' lang='lat' dir='ltr'>inlausta</span> <span class='ocrx_word' id='word_1_54' title='bbox 362 1266 524 1348; x_wconf 72' lang='lat' dir='ltr'>aenigmata</span> <span class='ocrx_word' id='word_1_55' title='bbox 544 1258 771 1348; x_wconf 79' lang='grc' dir='ltr'><strong><em>όμοισόταται</em></strong></span> <span class='ocrx_word' id='word_1_56' title='bbox 795 1257 884 1352; x_wconf 81' lang='grc' dir='ltr'><strong><em>ηίόαὶ</em></strong></span> <span class='ocrx_word' id='word_1_57' title='bbox 905 1266 982 1348; x_wconf 76' lang='lat' dir='ltr'>apud</span> <span class='ocrx_word' id='word_1_58' title='bbox 1002 1265 1187 1349; x_wconf 77' lang='lat' dir='ltr'>Euripidem,</span> <span class='ocrx_word' id='word_1_59' title='bbox 1207 1267 1321 1329; x_wconf 82' lang='lat' dir='ltr'>Placen.</span> 
     </span>
     <span class='ocr_line' id='line_1_9' title="bbox 153 1359 926 1452; baseline 0.005 -24"><span class='ocrx_word' id='word_1_60' title='bbox 153 1385 180 1430; x_wconf 83' lang='lat' dir='ltr'>r.</span> <span class='ocrx_word' id='word_1_61' title='bbox 196 1367 267 1434; x_wconf 76' lang='lat' dir='ltr'>stt.</span> <span class='ocrx_word' id='word_1_62' title='bbox 295 1359 446 1451; x_wconf 80' lang='grc' dir='ltr'><strong><em>Ὀρθίοις</em></strong></span> <span class='ocrx_word' id='word_1_63' title='bbox 459 1369 631 1452; x_wconf 76' lang='lat' dir='ltr'>disyllabum</span> <span class='ocrx_word' id='word_1_64' title='bbox 646 1381 691 1434; x_wconf 85' lang='lat' dir='ltr'>est</span> <span class='ocrx_word' id='word_1_65' title='bbox 704 1389 758 1452; x_wconf 89' lang='lat' dir='ltr'>per</span> <span class='ocrx_word' id='word_1_66' title='bbox 771 1368 926 1451; x_wconf 78' lang='lat' dir='ltr'>syniresin.</span> 
     </span>
    </p>

    <p class='ocr_par' dir='ltr' id='par_1_4' title="bbox 237 1470 1322 1556">
     <span class='ocr_line' id='line_1_10' title="bbox 237 1470 1322 1556; baseline 0.001 -20"><span class='ocrx_word' id='word_1_67' title='bbox 237 1472 304 1536; x_wconf 82' lang='lat' dir='ltr'>lior</span> <span class='ocrx_word' id='word_1_68' title='bbox 318 1470 495 1548; x_wconf 81' lang='lat' dir='ltr'>Cassandro,</span> <span class='ocrx_word' id='word_1_69' title='bbox 510 1482 667 1556; x_wconf 80' lang='lat' dir='ltr'>postquam</span> <span class='ocrx_word' id='word_1_70' title='bbox 682 1483 777 1537; x_wconf 81' lang='lat' dir='ltr'>vetera</span> <span class='ocrx_word' id='word_1_71' title='bbox 788 1471 995 1555; x_wconf 79' lang='lat' dir='ltr'>Pelopidarum</span> <span class='ocrx_word' id='word_1_72' title='bbox 1011 1471 1121 1536; x_wconf 84' lang='lat' dir='ltr'>scelera</span> <span class='ocrx_word' id='word_1_73' title='bbox 1135 1491 1322 1537; x_wconf 82' lang='lat' dir='ltr'>commente-</span> 
     </span>
    </p>

    <p class='ocr_par' dir='ltr' id='par_1_5' title="bbox 152 1565 1321 1963">
     <span class='ocr_line' id='line_1_11' title="bbox 154 1565 1321 1663; baseline 0.003 -27"><span class='ocrx_word' id='word_1_74' title='bbox 154 1574 238 1652; x_wconf 88' lang='lat' dir='ltr'>ravit,</span> <span class='ocrx_word' id='word_1_75' title='bbox 253 1575 377 1639; x_wconf 76' lang='lat' dir='ltr'>eliorum</span> <span class='ocrx_word' id='word_1_76' title='bbox 393 1575 548 1657; x_wconf 86' lang='lat' dir='ltr'>compellat</span> <span class='ocrx_word' id='word_1_77' title='bbox 562 1576 760 1658; x_wconf 74' lang='lat' dir='ltr'>interrogans:</span> <span class='ocrx_word' id='word_1_78' title='bbox 783 1567 940 1662; x_wconf 72' lang='grc' dir='ltr'><strong><em>ἥμαρτον,</em></strong></span> <span class='ocrx_word' id='word_1_79' title='bbox 964 1565 985 1661; x_wconf 73' lang='grc' dir='ltr'><em>ἢ</em></span> <span class='ocrx_word' id='word_1_80' title='bbox 1006 1571 1105 1662; x_wconf 82' lang='grc' dir='ltr'><strong><em>θηρῶ</em></strong></span> <span class='ocrx_word' id='word_1_81' title='bbox 1124 1596 1159 1640; x_wconf 91' lang='grc' dir='ltr'><strong><em>τι</em></strong></span> <span class='ocrx_word' id='word_1_82' title='bbox 1181 1571 1321 1663; x_wconf 82' lang='grc' dir='ltr'><strong><em>τοξότης</em></strong></span> 
     </span>
     <span class='ocr_line' id='line_1_12' title="bbox 152 1667 1321 1766; baseline 0.004 -27"><span class='ocrx_word' id='word_1_83' title='bbox 152 1697 205 1754; x_wconf 87' lang='grc' dir='ltr'>τις</span> <span class='ocrx_word' id='word_1_84' title='bbox 225 1671 285 1757; x_wconf 67' lang='lat' dir='ltr'>dig,-</span> <span class='ocrx_word' id='word_1_85' title='bbox 306 1667 328 1766; x_wconf 76' lang='grc' dir='ltr'><strong><em>ἢ</em></strong></span> <span class='ocrx_word' id='word_1_86' title='bbox 349 1669 576 1762; x_wconf 78' lang='grc' dir='ltr'><strong><em>ψευδόμαντίς</em></strong></span> <span class='ocrx_word' id='word_1_87' title='bbox 596 1670 667 1760; x_wconf 73' lang='lat' dir='ltr'>siper</span> <span class='ocrx_word' id='word_1_88' title='bbox 681 1674 877 1764; x_wconf 79' lang='grc' dir='ltr'><strong><em>θυροκόπος</em></strong></span> <span class='ocrx_word' id='word_1_89' title='bbox 891 1675 1038 1766; x_wconf 75' lang='grc' dir='ltr'><strong><em>φλέδωνς</em></strong></span> <span class='ocrx_word' id='word_1_90' title='bbox 1059 1679 1089 1742; x_wconf 78' lang='lat' dir='ltr'>tr.</span> <span class='ocrx_word' id='word_1_91' title='bbox 1104 1699 1130 1742; x_wconf 83' lang='lat' dir='ltr'>e.</span> <span class='ocrx_word' id='word_1_92' title='bbox 1144 1680 1230 1762; x_wconf 83' lang='lat' dir='ltr'>quid</span> <span class='ocrx_word' id='word_1_93' title='bbox 1245 1679 1321 1744; x_wconf 74' lang='lat' dir='ltr'>ais!</span> 
     </span>
     <span class='ocr_line' id='line_1_13' title="bbox 153 1779 1320 1864; baseline 0.005 -25"><span class='ocrx_word' id='word_1_94' title='bbox 153 1781 306 1846; x_wconf 79' lang='lat' dir='ltr'>rer‘axne</span> <span class='ocrx_word' id='word_1_95' title='bbox 331 1779 396 1844; x_wconf 86' lang='lat' dir='ltr'>libi</span> <span class='ocrx_word' id='word_1_96' title='bbox 422 1799 504 1844; x_wconf 88' lang='lat' dir='ltr'>esse</span> <span class='ocrx_word' id='word_1_97' title='bbox 529 1781 666 1856; x_wconf 85' lang='lat' dir='ltr'>videor,</span> <span class='ocrx_word' id='word_1_98' title='bbox 692 1799 734 1844; x_wconf 91' lang='lat' dir='ltr'>an</span> <span class='ocrx_word' id='word_1_99' title='bbox 759 1779 906 1844; x_wconf 83' lang='lat' dir='ltr'>mendax</span> <span class='ocrx_word' id='word_1_100' title='bbox 932 1791 966 1844; x_wconf 89' lang='lat' dir='ltr'>et</span> <span class='ocrx_word' id='word_1_101' title='bbox 992 1779 1100 1844; x_wconf 79' lang='lat' dir='ltr'>vanu?</span> <span class='ocrx_word' id='word_1_102' title='bbox 1151 1791 1240 1864; x_wconf 82' lang='lat' dir='ltr'>atque</span> <span class='ocrx_word' id='word_1_103' title='bbox 1274 1783 1320 1846; x_wconf 79' lang='lat' dir='ltr'>tris</span> 
     </span>
     <span class='ocr_line' id='line_1_14' title="bbox 153 1881 578 1963; baseline 0.007 -22"><span class='ocrx_word' id='word_1_104' title='bbox 153 1881 259 1945; x_wconf 81' lang='lat' dir='ltr'>‹leinde</span> <span class='ocrx_word' id='word_1_105' title='bbox 272 1881 424 1963; x_wconf 76' lang='lat' dir='ltr'>subiungit</span> <span class='ocrx_word' id='word_1_106' title='bbox 438 1901 464 1946; x_wconf 89' lang='grc' dir='ltr'><strong><em>ι.</em></strong></span> <span class='ocrx_word' id='word_1_107' title='bbox 484 1883 578 1945; x_wconf 75' lang='lat'>1155:</span> 
     </span>
    </p>

    <p class='ocr_par' dir='ltr' id='par_1_6' title="bbox 354 1974 1117 2068">
     <span class='ocr_line' id='line_1_15' title="bbox 354 1974 1117 2068; baseline 0 -20"><span class='ocrx_word' id='word_1_108' title='bbox 354 1976 598 2068; x_wconf 71' lang='grc' dir='ltr'><strong><em>ἐκμαρτύρησον</em></strong></span> <span class='ocrx_word' id='word_1_109' title='bbox 620 1975 855 2068; x_wconf 84' lang='grc' dir='ltr'><strong><em>ιιρούμόσας</em></strong></span> <span class='ocrx_word' id='word_1_110' title='bbox 875 1977 916 2046; x_wconf 87' lang='grc' dir='ltr'>τό</span> <span class='ocrx_word' id='word_1_111' title='bbox 937 1975 970 2064; x_wconf 82' lang='grc' dir='ltr'>μ’</span> <span class='ocrx_word' id='word_1_112' title='bbox 993 1974 1117 2048; x_wconf 78' lang='grc' dir='ltr'><strong><em>είόέναι</em></strong></span> 
     </span>
    </p>

    <p class='ocr_par' dir='ltr' id='par_1_7' title="bbox 152 2077 1365 4105">
     <span class='ocr_line' id='line_1_16' title="bbox 353 2077 1055 2172; baseline -0.001 -23"><span class='ocrx_word' id='word_1_113' title='bbox 353 2079 440 2172; x_wconf 73' lang='grc' dir='ltr'><strong><em>λόγῳ</em></strong></span> <span class='ocrx_word' id='word_1_114' title='bbox 463 2081 612 2162; x_wconf 79' lang='grc' dir='ltr'><strong><em>παλαιός</em></strong></span> <span class='ocrx_word' id='word_1_115' title='bbox 632 2078 728 2150; x_wconf 76' lang='grc' dir='ltr'><strong><em>τιῦνό</em></strong></span> <span class='ocrx_word' id='word_1_116' title='bbox 748 2077 914 2170; x_wconf 74' lang='grc' dir='ltr'><strong><em>ἁμαρτίας</em></strong></span> <span class='ocrx_word' id='word_1_117' title='bbox 934 2079 1055 2168; x_wconf 88' lang='grc' dir='ltr'><strong><em>όόμων.</em></strong></span> 
     </span>
     <span class='ocr_line' id='line_1_17' title="bbox 153 2188 1324 2272; baseline 0.005 -24"><span class='ocrx_word' id='word_1_118' title='bbox 153 2205 226 2269; x_wconf 75' lang='lat' dir='ltr'>epure</span> <span class='ocrx_word' id='word_1_119' title='bbox 240 2190 326 2254; x_wconf 83' lang='lat' dir='ltr'>rerba</span> <span class='ocrx_word' id='word_1_120' title='bbox 342 2191 414 2272; x_wconf 88' lang='lat' dir='ltr'>quin</span> <span class='ocrx_word' id='word_1_121' title='bbox 428 2198 566 2272; x_wconf 70' lang='lat' dir='ltr'>corrupta</span> <span class='ocrx_word' id='word_1_122' title='bbox 582 2191 642 2254; x_wconf 86' lang='lat' dir='ltr'>sint</span> <span class='ocrx_word' id='word_1_123' title='bbox 656 2188 777 2254; x_wconf 88' lang='lat' dir='ltr'>dubium</span> <span class='ocrx_word' id='word_1_124' title='bbox 793 2209 859 2252; x_wconf 84' lang='lat' dir='ltr'>eree</span> <span class='ocrx_word' id='word_1_125' title='bbox 873 2207 934 2252; x_wconf 88' lang='lat' dir='ltr'>non</span> <span class='ocrx_word' id='word_1_126' title='bbox 954 2197 1063 2270; x_wconf 77' lang='lat' dir='ltr'>pareat</span> <span class='ocrx_word' id='word_1_127' title='bbox 1092 2188 1262 2254; x_wconf 75' lang='lat' dir='ltr'>Absurdum</span> <span class='ocrx_word' id='word_1_128' title='bbox 1277 2201 1324 2253; x_wconf 79' lang='lat' dir='ltr'>est</span> 
     </span>
     <span class='ocr_line' id='line_1_18' title="bbox 152 2288 1324 2375; baseline 0.001 -24"><span class='ocrx_word' id='word_1_129' title='bbox 152 2288 230 2354; x_wconf 83' lang='lat' dir='ltr'>eninr</span> <span class='ocrx_word' id='word_1_130' title='bbox 246 2292 414 2372; x_wconf 83' lang='lat' dir='ltr'>postulare,</span> <span class='ocrx_word' id='word_1_131' title='bbox 430 2301 463 2355; x_wconf 93' lang='lat' dir='ltr'>ut</span> <span class='ocrx_word' id='word_1_132' title='bbox 477 2292 586 2355; x_wconf 89' lang='lat' dir='ltr'>elrorus</span> <span class='ocrx_word' id='word_1_133' title='bbox 601 2293 712 2356; x_wconf 88' lang='lat' dir='ltr'>iuratus</span> <span class='ocrx_word' id='word_1_134' title='bbox 732 2292 934 2356; x_wconf 84' lang='lat' dir='ltr'>testimonium</span> <span class='ocrx_word' id='word_1_135' title='bbox 950 2291 1042 2366; x_wconf 87' lang='lat' dir='ltr'>dicat,</span> <span class='ocrx_word' id='word_1_136' title='bbox 1061 2291 1157 2374; x_wconf 85' lang='lat' dir='ltr'>ipsam</span> <span class='ocrx_word' id='word_1_137' title='bbox 1176 2311 1228 2368; x_wconf 77' lang='lat' dir='ltr'>ee,</span> <span class='ocrx_word' id='word_1_138' title='bbox 1247 2313 1324 2375; x_wconf 81' lang='lat' dir='ltr'>quae</span> 
     </span>
     <span class='ocr_line' id='line_1_19' title="bbox 153 2386 1321 2479; baseline 0.003 -27"><span class='ocrx_word' id='word_1_139' title='bbox 153 2391 307 2468; x_wconf 78' lang='lat' dir='ltr'>cecinerat,</span> <span class='ocrx_word' id='word_1_140' title='bbox 322 2397 397 2458; x_wconf 80' lang='lat' dir='ltr'>lama</span> <span class='ocrx_word' id='word_1_141' title='bbox 419 2396 579 2476; x_wconf 82' lang='lat' dir='ltr'>accepisse,</span> <span class='ocrx_word' id='word_1_142' title='bbox 593 2387 682 2479; x_wconf 77' lang='grc' dir='ltr'><strong><em>λόγῳ</em></strong></span> <span class='ocrx_word' id='word_1_143' title='bbox 705 2386 843 2458; x_wconf 78' lang='grc' dir='ltr'><strong><em>είόίναιι</em></strong></span> <span class='ocrx_word' id='word_1_144' title='bbox 858 2413 927 2458; x_wconf 89' lang='lat' dir='ltr'>nam</span> <span class='ocrx_word' id='word_1_145' title='bbox 942 2413 1037 2474; x_wconf 82' lang='grc' dir='ltr'><strong><em>ιιαμω</em></strong></span> <span class='ocrx_word' id='word_1_146' title='bbox 1052 2395 1128 2457; x_wconf 88' lang='lat' dir='ltr'>scire</span> <span class='ocrx_word' id='word_1_147' title='bbox 1139 2395 1250 2458; x_wconf 79' lang='lat' dir='ltr'>citerus</span> <span class='ocrx_word' id='word_1_148' title='bbox 1264 2413 1321 2476; x_wconf 83' lang='grc' dir='ltr'>μα-</span> 
     </span>
     <span class='ocr_line' id='line_1_20' title="bbox 156 2494 1322 2576; baseline 0.004 -23"><span class='ocrx_word' id='word_1_149' title='bbox 156 2501 225 2566; x_wconf 89' lang='lat' dir='ltr'>test,</span> <span class='ocrx_word' id='word_1_150' title='bbox 240 2497 355 2560; x_wconf 83' lang='lat' dir='ltr'>lemene</span> <span class='ocrx_word' id='word_1_151' title='bbox 369 2503 488 2576; x_wconf 79' lang='lat' dir='ltr'>accepta</span> <span class='ocrx_word' id='word_1_152' title='bbox 507 2513 545 2558; x_wconf 88' lang='lat' dir='ltr'>an</span> <span class='ocrx_word' id='word_1_153' title='bbox 560 2494 697 2560; x_wconf 84' lang='lat' dir='ltr'>diuinitus</span> <span class='ocrx_word' id='word_1_154' title='bbox 717 2496 859 2576; x_wconf 87' lang='lat' dir='ltr'>inspirata</span> <span class='ocrx_word' id='word_1_155' title='bbox 874 2495 1024 2570; x_wconf 80' lang='lat' dir='ltr'>cecinerit,</span> <span class='ocrx_word' id='word_1_156' title='bbox 1039 2506 1069 2558; x_wconf 93' lang='lat' dir='ltr'>et</span> <span class='ocrx_word' id='word_1_157' title='bbox 1083 2495 1108 2558; x_wconf 83' lang='lat' dir='ltr'>ri</span> <span class='ocrx_word' id='word_1_158' title='bbox 1124 2495 1230 2559; x_wconf 73' lang='lat' dir='ltr'>reduit</span> <span class='ocrx_word' id='word_1_159' title='bbox 1244 2496 1322 2559; x_wconf 85' lang='lat' dir='ltr'>lama</span> 
     </span>
     <span class='ocr_line' id='line_1_21' title="bbox 154 2596 1322 2678; baseline 0.004 -23"><span class='ocrx_word' id='word_1_160' title='bbox 154 2605 283 2675; x_wconf 82' lang='lat' dir='ltr'>accepta,</span> <span class='ocrx_word' id='word_1_161' title='bbox 302 2614 363 2660; x_wconf 91' lang='lat' dir='ltr'>non</span> <span class='ocrx_word' id='word_1_162' title='bbox 383 2597 440 2660; x_wconf 89' lang='lat' dir='ltr'>iam</span> <span class='ocrx_word' id='word_1_163' title='bbox 461 2605 554 2672; x_wconf 80' lang='grc' dir='ltr'><strong><em>νιιυι,</em></strong></span> <span class='ocrx_word' id='word_1_164' title='bbox 574 2597 690 2678; x_wconf 87' lang='lat' dir='ltr'>qualem</span> <span class='ocrx_word' id='word_1_165' title='bbox 710 2616 743 2658; x_wconf 84' lang='lat' dir='ltr'>on</span> <span class='ocrx_word' id='word_1_166' title='bbox 761 2617 828 2659; x_wconf 84' lang='lat' dir='ltr'>esse</span> <span class='ocrx_word' id='word_1_167' title='bbox 846 2599 987 2670; x_wconf 84' lang='lat' dir='ltr'>altirnmt,</span> <span class='ocrx_word' id='word_1_168' title='bbox 1006 2597 1060 2659; x_wconf 82' lang='lat' dir='ltr'>uod</span> <span class='ocrx_word' id='word_1_169' title='bbox 1081 2597 1153 2659; x_wconf 84' lang='lat' dir='ltr'>milril</span> <span class='ocrx_word' id='word_1_170' title='bbox 1172 2596 1322 2660; x_wconf 74' lang='lat' dir='ltr'>diuersae</span> 
     </span>
     <span class='ocr_line' id='line_1_22' title="bbox 153 2697 1322 2778; baseline 0.007 -24"><span class='ocrx_word' id='word_1_171' title='bbox 153 2697 257 2778; x_wconf 79' lang='lat' dir='ltr'>queris</span> <span class='ocrx_word' id='word_1_172' title='bbox 272 2697 395 2762; x_wconf 83' lang='lat' dir='ltr'>relatore</span> <span class='ocrx_word' id='word_1_173' title='bbox 409 2697 514 2760; x_wconf 86' lang='lat' dir='ltr'>veleris</span> <span class='ocrx_word' id='word_1_174' title='bbox 534 2697 693 2760; x_wconf 82' lang='lat' dir='ltr'>memorien</span> <span class='ocrx_word' id='word_1_175' title='bbox 713 2697 865 2761; x_wconf 82' lang='lat' dir='ltr'>ridebitur.</span> <span class='ocrx_word' id='word_1_176' title='bbox 895 2700 991 2778; x_wconf 80' lang='lat' dir='ltr'>litque</span> <span class='ocrx_word' id='word_1_177' title='bbox 1010 2698 1097 2761; x_wconf 85' lang='lat' dir='ltr'>etiam</span> <span class='ocrx_word' id='word_1_178' title='bbox 1117 2697 1144 2760; x_wconf 83' lang='lat' dir='ltr'>oi</span> <span class='ocrx_word' id='word_1_179' title='bbox 1159 2717 1228 2762; x_wconf 80' lang='lat' dir='ltr'>curm</span> <span class='ocrx_word' id='word_1_180' title='bbox 1245 2698 1322 2762; x_wconf 86' lang='lat' dir='ltr'>ller-</span> 
     </span>
     <span class='ocr_line' id='line_1_23' title="bbox 155 2791 1321 2885; baseline 0.007 -28"><span class='ocrx_word' id='word_1_181' title='bbox 155 2815 262 2862; x_wconf 88' lang='lat' dir='ltr'>rnanno</span> <span class='ocrx_word' id='word_1_182' title='bbox 282 2800 394 2864; x_wconf 84' lang='lat' dir='ltr'>scribas</span> <span class='ocrx_word' id='word_1_183' title='bbox 414 2795 454 2862; x_wconf 85' lang='grc' dir='ltr'>τό</span> <span class='ocrx_word' id='word_1_184' title='bbox 476 2795 521 2885; x_wconf 75' lang='grc' dir='ltr'>μὴ</span> <span class='ocrx_word' id='word_1_185' title='bbox 545 2791 684 2876; x_wconf 82' lang='grc' dir='ltr'><strong><em>είόίναι,</em></strong></span> <span class='ocrx_word' id='word_1_186' title='bbox 700 2809 811 2881; x_wconf 88' lang='lat' dir='ltr'>partem</span> <span class='ocrx_word' id='word_1_187' title='bbox 832 2799 950 2880; x_wconf 81' lang='lat' dir='ltr'>quidem</span> <span class='ocrx_word' id='word_1_188' title='bbox 971 2801 1168 2882; x_wconf 88' lang='lat' dir='ltr'>corruptelae,</span> <span class='ocrx_word' id='word_1_189' title='bbox 1184 2801 1321 2865; x_wconf 86' lang='lat' dir='ltr'>nondum</span> 
     </span>
     <span class='ocr_line' id='line_1_24' title="bbox 155 2891 1323 2988; baseline 0.003 -27"><span class='ocrx_word' id='word_1_190' title='bbox 155 2907 250 2963; x_wconf 85' lang='lat' dir='ltr'>tanren</span> <span class='ocrx_word' id='word_1_191' title='bbox 276 2910 368 2964; x_wconf 81' lang='lat' dir='ltr'>lotam</span> <span class='ocrx_word' id='word_1_192' title='bbox 401 2901 566 2965; x_wconf 85' lang='lat' dir='ltr'>sustuleris.</span> <span class='ocrx_word' id='word_1_193' title='bbox 609 2901 685 2964; x_wconf 79' lang='lat' dir='ltr'>liam</span> <span class='ocrx_word' id='word_1_194' title='bbox 712 2891 909 2984; x_wconf 85' lang='grc' dir='ltr'><strong><em>προύμόσας</em></strong></span> <span class='ocrx_word' id='word_1_195' title='bbox 928 2897 969 2964; x_wconf 85' lang='grc' dir='ltr'>τό</span> <span class='ocrx_word' id='word_1_196' title='bbox 990 2898 1034 2988; x_wconf 74' lang='grc' dir='ltr'>μη</span> <span class='ocrx_word' id='word_1_197' title='bbox 1058 2894 1183 2966; x_wconf 80' lang='grc' dir='ltr'><strong><em>τίόέναι</em></strong></span> <span class='ocrx_word' id='word_1_198' title='bbox 1206 2921 1268 2965; x_wconf 90' lang='lat' dir='ltr'>non</span> <span class='ocrx_word' id='word_1_199' title='bbox 1296 2903 1323 2965; x_wconf 79' lang='lat' dir='ltr'>is</span> 
     </span>
     <span class='ocr_line' id='line_1_25' title="bbox 153 3000 1365 3086; baseline 0.009 -28"><span class='ocrx_word' id='word_1_200' title='bbox 153 3000 208 3063; x_wconf 76' lang='lat' dir='ltr'>ilici</span> <span class='ocrx_word' id='word_1_201' title='bbox 221 3013 331 3082; x_wconf 89' lang='lat' dir='ltr'>potest,</span> <span class='ocrx_word' id='word_1_202' title='bbox 349 3005 399 3085; x_wconf 84' lang='lat' dir='ltr'>qul</span> <span class='ocrx_word' id='word_1_203' title='bbox 419 3003 557 3078; x_wconf 80' lang='lat' dir='ltr'>alterum,</span> <span class='ocrx_word' id='word_1_204' title='bbox 575 3004 628 3066; x_wconf 87' lang='lat' dir='ltr'>sed</span> <span class='ocrx_word' id='word_1_205' title='bbox 651 3004 819 3070; x_wconf 79' lang='lat' dir='ltr'>istratum,</span> <span class='ocrx_word' id='word_1_206' title='bbox 842 3002 893 3085; x_wconf 80' lang='lat' dir='ltr'>qui</span> <span class='ocrx_word' id='word_1_207' title='bbox 914 3013 1008 3066; x_wconf 79' lang='lat' dir='ltr'>ueniet</span> <span class='ocrx_word' id='word_1_208' title='bbox 1022 3005 1119 3086; x_wconf 89' lang='lat' dir='ltr'>ipsum</span> <span class='ocrx_word' id='word_1_209' title='bbox 1135 3004 1252 3068; x_wconf 85' lang='lat' dir='ltr'>nescire</span> <span class='ocrx_word' id='word_1_210' title='bbox 1267 3005 1322 3068; x_wconf 80' lang='lat' dir='ltr'>uli·</span> <span class='ocrx_word' id='word_1_211' title='bbox 1363 3033 1365 3036; x_wconf 95' lang='lat'>·</span> 
     </span>
     <span class='ocr_line' id='line_1_26' title="bbox 154 3103 1324 3186; baseline 0.003 -22"><span class='ocrx_word' id='word_1_212' title='bbox 154 3103 223 3182; x_wconf 78' lang='lat' dir='ltr'>quid</span> <span class='ocrx_word' id='word_1_213' title='bbox 243 3105 332 3169; x_wconf 84' lang='lat' dir='ltr'>iurat:</span> <span class='ocrx_word' id='word_1_214' title='bbox 354 3116 385 3168; x_wconf 93' lang='lat' dir='ltr'>ut</span> <span class='ocrx_word' id='word_1_215' title='bbox 405 3105 476 3169; x_wconf 86' lang='lat' dir='ltr'>nihil</span> <span class='ocrx_word' id='word_1_216' title='bbox 492 3105 586 3168; x_wconf 90' lang='lat' dir='ltr'>dicam</span> <span class='ocrx_word' id='word_1_217' title='bbox 606 3105 643 3168; x_wconf 89' lang='lat' dir='ltr'>de</span> <span class='ocrx_word' id='word_1_218' title='bbox 664 3105 785 3168; x_wconf 80' lang='lat' dir='ltr'>mirilico</span> <span class='ocrx_word' id='word_1_219' title='bbox 804 3105 869 3167; x_wconf 85' lang='lat' dir='ltr'>talis</span> <span class='ocrx_word' id='word_1_220' title='bbox 890 3103 963 3167; x_wconf 86' lang='lat' dir='ltr'>iuris</span> <span class='ocrx_word' id='word_1_221' title='bbox 982 3105 1096 3168; x_wconf 84' lang='lat' dir='ltr'>iurandi</span> <span class='ocrx_word' id='word_1_222' title='bbox 1111 3105 1324 3186; x_wconf 78' lang='lat' dir='ltr'>postulatione.</span> 
     </span>
     <span class='ocr_line' id='line_1_27' title="bbox 154 3197 1324 3294; baseline 0.004 -29"><span class='ocrx_word' id='word_1_223' title='bbox 154 3206 311 3288; x_wconf 72' lang='lat' dir='ltr'>Aeschylus</span> <span class='ocrx_word' id='word_1_224' title='bbox 326 3207 446 3291; x_wconf 83' lang='lat' dir='ltr'>scripsit</span> <span class='ocrx_word' id='word_1_225' title='bbox 459 3200 703 3294; x_wconf 71' lang='grc' dir='ltr'><strong><em>ἐκμαρτύρησον</em></strong></span> <span class='ocrx_word' id='word_1_226' title='bbox 724 3197 944 3292; x_wconf 76' lang='grc' dir='ltr'><strong><em>πορύμοσύση</em></strong></span> <span class='ocrx_word' id='word_1_227' title='bbox 966 3204 1012 3293; x_wconf 72' lang='grc' dir='ltr'>μη</span> <span class='ocrx_word' id='word_1_228' title='bbox 1035 3198 1161 3272; x_wconf 80' lang='grc' dir='ltr'><strong><em>είόίναι</em></strong></span> <span class='ocrx_word' id='word_1_229' title='bbox 1184 3241 1226 3256; x_wconf 91' lang='grc'>-</span> <span class='ocrx_word' id='word_1_230' title='bbox 1252 3208 1281 3272; x_wconf 89' lang='lat' dir='ltr'>lr.</span> <span class='ocrx_word' id='word_1_231' title='bbox 1297 3231 1324 3289; x_wconf 64' lang='grc' dir='ltr'>υ,</span> 
     </span>
     <span class='ocr_line' id='line_1_28' title="bbox 155 3306 1325 3394; baseline 0.008 -29"><span class='ocrx_word' id='word_1_232' title='bbox 155 3313 191 3366; x_wconf 93' lang='lat' dir='ltr'>tu</span> <span class='ocrx_word' id='word_1_233' title='bbox 217 3306 304 3370; x_wconf 89' lang='lat' dir='ltr'>milri</span> <span class='ocrx_word' id='word_1_234' title='bbox 328 3310 436 3374; x_wconf 82' lang='lat' dir='ltr'>testis</span> <span class='ocrx_word' id='word_1_235' title='bbox 462 3320 541 3373; x_wconf 87' lang='lat' dir='ltr'>este</span> <span class='ocrx_word' id='word_1_236' title='bbox 568 3309 647 3390; x_wconf 86' lang='lat' dir='ltr'>(scil.</span> <span class='ocrx_word' id='word_1_237' title='bbox 668 3319 766 3374; x_wconf 85' lang='lat' dir='ltr'>utrum</span> <span class='ocrx_word' id='word_1_238' title='bbox 788 3328 852 3374; x_wconf 87' lang='lat' dir='ltr'>rem</span> <span class='ocrx_word' id='word_1_239' title='bbox 871 3329 909 3373; x_wconf 82' lang='lat' dir='ltr'>an</span> <span class='ocrx_word' id='word_1_240' title='bbox 925 3311 997 3374; x_wconf 81' lang='lat' dir='ltr'>salsa</span> <span class='ocrx_word' id='word_1_241' title='bbox 1017 3311 1108 3388; x_wconf 82' lang='lat' dir='ltr'>sian),</span> <span class='ocrx_word' id='word_1_242' title='bbox 1128 3320 1325 3394; x_wconf 80' lang='lat' dir='ltr'>postquam</span> 
     </span>
     <span class='ocr_line' id='line_1_29' title="bbox 156 3405 1324 3494; baseline 0.009 -29"><span class='ocrx_word' id='word_1_243' title='bbox 156 3405 219 3466; x_wconf 89' lang='lat' dir='ltr'>tibi</span> <span class='ocrx_word' id='word_1_244' title='bbox 238 3409 479 3486; x_wconf 84' lang='lat' dir='ltr'>allirmeuero,</span> <span class='ocrx_word' id='word_1_245' title='bbox 494 3430 548 3475; x_wconf 86' lang='lat' dir='ltr'>me</span> <span class='ocrx_word' id='word_1_246' title='bbox 566 3411 655 3474; x_wconf 79' lang='lat' dir='ltr'>nillil</span> <span class='ocrx_word' id='word_1_247' title='bbox 675 3411 827 3476; x_wconf 87' lang='lat' dir='ltr'>istarum</span> <span class='ocrx_word' id='word_1_248' title='bbox 848 3431 967 3475; x_wconf 89' lang='lat' dir='ltr'>rerum</span> <span class='ocrx_word' id='word_1_249' title='bbox 988 3415 1076 3476; x_wconf 86' lang='lat' dir='ltr'>lama</span> <span class='ocrx_word' id='word_1_250' title='bbox 1098 3424 1324 3494; x_wconf 83' lang='lat' dir='ltr'>compertum</span> 
     </span>
     <span class='ocr_line' id='line_1_30' title="bbox 156 3503 1324 3598; baseline 0.013 -33"><span class='ocrx_word' id='word_1_251' title='bbox 156 3503 295 3569; x_wconf 85' lang='lat' dir='ltr'>ltabere.</span> <span class='ocrx_word' id='word_1_252' title='bbox 325 3509 440 3575; x_wconf 88' lang='lat' dir='ltr'>Scilicet</span> <span class='ocrx_word' id='word_1_253' title='bbox 460 3513 531 3576; x_wconf 83' lang='lat' dir='ltr'>haec</span> <span class='ocrx_word' id='word_1_254' title='bbox 552 3512 707 3576; x_wconf 85' lang='lat' dir='ltr'>alilrnratio</span> <span class='ocrx_word' id='word_1_255' title='bbox 727 3513 758 3576; x_wconf 89' lang='lat' dir='ltr'>in</span> <span class='ocrx_word' id='word_1_256' title='bbox 773 3513 820 3576; x_wconf 85' lang='lat' dir='ltr'>his</span> <span class='ocrx_word' id='word_1_257' title='bbox 835 3513 910 3593; x_wconf 87' lang='lat' dir='ltr'>ipsis</span> <span class='ocrx_word' id='word_1_258' title='bbox 925 3514 1023 3578; x_wconf 82' lang='lat' dir='ltr'>rerltie</span> <span class='ocrx_word' id='word_1_259' title='bbox 1038 3513 1124 3578; x_wconf 83' lang='lat' dir='ltr'>inest</span> <span class='ocrx_word' id='word_1_260' title='bbox 1153 3513 1198 3578; x_wconf 77' lang='lat' dir='ltr'>tt</span> <span class='ocrx_word' id='word_1_261' title='bbox 1214 3515 1324 3598; x_wconf 84' lang='lat' dir='ltr'>loquu-</span> 
     </span>
     <span class='ocr_line' id='line_1_31' title="bbox 157 3603 1327 3699; baseline 0.015 -37"><span class='ocrx_word' id='word_1_262' title='bbox 157 3603 265 3667; x_wconf 89' lang='lat' dir='ltr'>tionem</span> <span class='ocrx_word' id='word_1_263' title='bbox 280 3611 405 3674; x_wconf 87' lang='lat' dir='ltr'>conlerri</span> <span class='ocrx_word' id='word_1_264' title='bbox 431 3621 531 3693; x_wconf 83' lang='lat' dir='ltr'>petest</span> <span class='ocrx_word' id='word_1_265' title='bbox 549 3632 575 3676; x_wconf 83' lang='lat' dir='ltr'>v.</span> <span class='ocrx_word' id='word_1_266' title='bbox 600 3615 694 3677; x_wconf 74' lang='lat' dir='ltr'>itta:</span> <span class='ocrx_word' id='word_1_267' title='bbox 724 3609 782 3676; x_wconf 85' lang='grc' dir='ltr'>καί</span> <span class='ocrx_word' id='word_1_268' title='bbox 803 3615 998 3697; x_wconf 78' lang='grc' dir='ltr'><strong><em>μαρτυρεῖτε</em></strong></span> <span class='ocrx_word' id='word_1_269' title='bbox 1019 3609 1212 3699; x_wconf 73' lang='grc' dir='ltr'><strong><em>συνδρόμως</em></strong></span> <span class='ocrx_word' id='word_1_270' title='bbox 1232 3609 1327 3698; x_wconf 75' lang='grc' dir='ltr'><strong><em>ἴχνος</em></strong></span> 
     </span>
     <span class='ocr_line' id='line_1_32' title="bbox 158 3701 1326 3801; baseline 0.013 -37"><span class='ocrx_word' id='word_1_271' title='bbox 158 3701 267 3769; x_wconf 85' lang='grc' dir='ltr'><strong><em>κακῶν</em></strong></span> <span class='ocrx_word' id='word_1_272' title='bbox 292 3707 506 3799; x_wconf 78' lang='grc' dir='ltr'><strong><em>ῥινηλατούσῃ</em></strong></span> <span class='ocrx_word' id='word_1_273' title='bbox 533 3710 599 3776; x_wconf 81' lang='grc' dir='ltr'><strong><em>τῶν</em></strong></span> <span class='ocrx_word' id='word_1_274' title='bbox 625 3708 732 3777; x_wconf 80' lang='grc' dir='ltr'><strong><em>πάλαι</em></strong></span> <span class='ocrx_word' id='word_1_275' title='bbox 756 3709 1006 3798; x_wconf 79' lang='grc' dir='ltr'><strong><em>πεπραγμένων.</em></strong></span> <span class='ocrx_word' id='word_1_276' title='bbox 1030 3749 1072 3764; x_wconf 91' lang='grc'>-</span> <span class='ocrx_word' id='word_1_277' title='bbox 1091 3709 1326 3801; x_wconf 79' lang='grc' dir='ltr'><strong><em>Ἐκμαρτυρεῖν</em></strong></span> 
     </span>
     <span class='ocr_line' id='line_1_33' title="bbox 158 3813 1324 3896; baseline 0.017 -34"><span class='ocrx_word' id='word_1_278' title='bbox 158 3822 212 3882; x_wconf 89' lang='lat' dir='ltr'>pro</span> <span class='ocrx_word' id='word_1_279' title='bbox 226 3813 399 3894; x_wconf 77' lang='grc' dir='ltr'><strong><em>μαρτυρεῖν</em></strong></span> <span class='ocrx_word' id='word_1_280' title='bbox 420 3815 456 3877; x_wconf 87' lang='lat' dir='ltr'>de</span> <span class='ocrx_word' id='word_1_281' title='bbox 470 3816 646 3896; x_wconf 82' lang='lat' dir='ltr'>praesentis,</span> <span class='ocrx_word' id='word_1_282' title='bbox 660 3835 736 3890; x_wconf 90' lang='lat' dir='ltr'>non,</span> <span class='ocrx_word' id='word_1_283' title='bbox 751 3825 783 3878; x_wconf 92' lang='lat' dir='ltr'>ut</span> <span class='ocrx_word' id='word_1_284' title='bbox 797 3815 827 3879; x_wconf 92' lang='lat' dir='ltr'>in</span> <span class='ocrx_word' id='word_1_285' title='bbox 844 3818 954 3880; x_wconf 86' lang='lat' dir='ltr'>lorensi</span> <span class='ocrx_word' id='word_1_286' title='bbox 971 3836 1123 3892; x_wconf 85' lang='lat' dir='ltr'>sermone,</span> <span class='ocrx_word' id='word_1_287' title='bbox 1138 3819 1176 3882; x_wconf 86' lang='lat' dir='ltr'>de</span> <span class='ocrx_word' id='word_1_288' title='bbox 1189 3821 1324 3882; x_wconf 76' lang='lat' dir='ltr'>obseratis</span> 
     </span>
     <span class='ocr_line' id='line_1_34' title="bbox 159 3905 1325 4000; baseline 0.019 -38"><span class='ocrx_word' id='word_1_289' title='bbox 159 3905 324 3973; x_wconf 88' lang='lat' dir='ltr'>testimonio</span> <span class='ocrx_word' id='word_1_290' title='bbox 339 3931 400 3977; x_wconf 88' lang='lat' dir='ltr'>non</span> <span class='ocrx_word' id='word_1_291' title='bbox 415 3914 511 3979; x_wconf 84' lang='lat' dir='ltr'>solum</span> <span class='ocrx_word' id='word_1_292' title='bbox 527 3918 687 4000; x_wconf 71' lang='lat' dir='ltr'>dercirylur</span> <span class='ocrx_word' id='word_1_293' title='bbox 701 3916 773 3981; x_wconf 80' lang='lat' dir='ltr'>dixit</span> <span class='ocrx_word' id='word_1_294' title='bbox 786 3916 871 3979; x_wconf 85' lang='lat' dir='ltr'>Euro.</span> <span class='ocrx_word' id='word_1_295' title='bbox 885 3937 911 3980; x_wconf 88' lang='lat' dir='ltr'>r.</span> <span class='ocrx_word' id='word_1_296' title='bbox 927 3920 1005 3994; x_wconf 79' lang='lat'>453,</span> <span class='ocrx_word' id='word_1_297' title='bbox 1023 3919 1077 3982; x_wconf 84' lang='lat' dir='ltr'>sed</span> <span class='ocrx_word' id='word_1_298' title='bbox 1096 3920 1183 3983; x_wconf 85' lang='lat' dir='ltr'>etiam</span> <span class='ocrx_word' id='word_1_299' title='bbox 1199 3921 1325 3986; x_wconf 74' lang='lat' dir='ltr'>desciui-</span> 
     </span>
     <span class='ocr_line' id='line_1_35' title="bbox 161 4005 1326 4105; baseline 0.023 -44"><span class='ocrx_word' id='word_1_300' title='bbox 161 4019 212 4063; x_wconf 84' lang='lat' dir='ltr'>nes</span> <span class='ocrx_word' id='word_1_301' title='bbox 234 4005 263 4067; x_wconf 93' lang='lat' dir='ltr'>in</span> <span class='ocrx_word' id='word_1_302' title='bbox 283 4009 428 4079; x_wconf 78' lang='lat' dir='ltr'>&#39;l&#39;imarda</span> <span class='ocrx_word' id='word_1_303' title='bbox 449 4035 478 4098; x_wconf 93' lang='lat' dir='ltr'>p.</span> <span class='ocrx_word' id='word_1_304' title='bbox 501 4017 560 4081; x_wconf 79' lang='lat' dir='ltr'>tto</span> <span class='ocrx_word' id='word_1_305' title='bbox 580 4024 617 4099; x_wconf 55' lang='grc' dir='ltr'>(ἦ</span> <span class='ocrx_word' id='word_1_306' title='bbox 641 4020 731 4097; x_wconf 83' lang='grc'><strong>107),</strong></span> <span class='ocrx_word' id='word_1_307' title='bbox 752 4017 801 4082; x_wconf 88' lang='lat' dir='ltr'>ubi</span> <span class='ocrx_word' id='word_1_308' title='bbox 821 4029 898 4082; x_wconf 87' lang='lat' dir='ltr'>recte</span> <span class='ocrx_word' id='word_1_309' title='bbox 918 4021 1093 4086; x_wconf 81' lang='lat' dir='ltr'>scholiastes</span> <span class='ocrx_word' id='word_1_310' title='bbox 1113 4023 1326 4105; x_wconf 85' lang='lat' dir='ltr'>iuterpretatur</span> 
     </span>
    </p>
   </div>
   <div class='ocr_carea' id='block_1_3' title="bbox 160 4094 1326 4514">
    <p class='ocr_par' dir='ltr' id='par_1_8' title="bbox 160 4094 1326 4514">
     <span class='ocr_line' id='line_1_36' title="bbox 160 4094 1324 4213; baseline 0.019 -45"><span class='ocrx_word' id='word_1_311' title='bbox 160 4094 300 4213; x_wconf 47' lang='grc' dir='ltr'><strong><em>ἐκφῆναι</em></strong></span> <span class='ocrx_word' id='word_1_312' title='bbox 321 4109 381 4175; x_wconf 79' lang='grc' dir='ltr'><strong><em>διὰ</em></strong></span> <span class='ocrx_word' id='word_1_313' title='bbox 401 4111 590 4199; x_wconf 88' lang='grc' dir='ltr'><strong><em>μαρτυρίας.</em></strong></span> <span class='ocrx_word' id='word_1_314' title='bbox 602 4155 644 4167; x_wconf 98' lang='grc'>-</span> <span class='ocrx_word' id='word_1_315' title='bbox 659 4121 828 4202; x_wconf 83' lang='lat' dir='ltr'>Respondet</span> <span class='ocrx_word' id='word_1_316' title='bbox 842 4122 965 4185; x_wconf 80' lang='lat' dir='ltr'>chorus:</span> <span class='ocrx_word' id='word_1_317' title='bbox 980 4119 1128 4202; x_wconf 83' lang='grc' dir='ltr'><strong><em>καὶπῶς</em></strong></span> <span class='ocrx_word' id='word_1_318' title='bbox 1143 4115 1185 4188; x_wconf 71' lang='grc' dir='ltr'><strong><em>ἂν</em></strong></span> <span class='ocrx_word' id='word_1_319' title='bbox 1199 4117 1324 4212; x_wconf 78' lang='grc' dir='ltr'><strong><em>ὅρκοι·</em></strong></span> 
     </span>
     <span class='ocr_line' id='line_1_37' title="bbox 162 4205 1326 4318; baseline 0.009 -34"><span class='ocrx_word' id='word_1_320' title='bbox 162 4219 277 4318; x_wconf 70' lang='lat' dir='ltr'>mmm</span> <span class='ocrx_word' id='word_1_321' title='bbox 298 4205 449 4291; x_wconf 78' lang='grc' dir='ltr'><strong><em>γενναίως</em></strong></span> <span class='ocrx_word' id='word_1_322' title='bbox 474 4213 580 4300; x_wconf 72' lang='grc' dir='ltr'><strong><em>παγὲν</em></strong></span> <span class='ocrx_word' id='word_1_323' title='bbox 600 4216 767 4287; x_wconf 86' lang='grc' dir='ltr'><strong><em>παιιόνισν</em></strong></span> <span class='ocrx_word' id='word_1_324' title='bbox 788 4221 932 4306; x_wconf 73' lang='grc' dir='ltr'><strong><em>γίνοιτος</em></strong></span> <span class='ocrx_word' id='word_1_325' title='bbox 954 4225 983 4288; x_wconf 87' lang='grc' dir='ltr'><strong><em>Ιι.</em></strong></span> <span class='ocrx_word' id='word_1_326' title='bbox 1014 4247 1040 4290; x_wconf 88' lang='lat' dir='ltr'>e.</span> <span class='ocrx_word' id='word_1_327' title='bbox 1071 4245 1134 4291; x_wconf 88' lang='lat' dir='ltr'>nen</span> <span class='ocrx_word' id='word_1_328' title='bbox 1161 4229 1218 4293; x_wconf 83' lang='lat' dir='ltr'>sibi</span> <span class='ocrx_word' id='word_1_329' title='bbox 1245 4249 1326 4314; x_wconf 83' lang='lat' dir='ltr'>epus</span> 
     </span>
     <span class='ocr_line' id='line_1_38' title="bbox 162 4309 1325 4415; baseline 0.025 -48"><span class='ocrx_word' id='word_1_330' title='bbox 162 4317 227 4364; x_wconf 65' lang='lat' dir='ltr'>rste</span> <span class='ocrx_word' id='word_1_331' title='bbox 239 4309 381 4386; x_wconf 81' lang='lat' dir='ltr'>ugnidcat</span> <span class='ocrx_word' id='word_1_332' title='bbox 393 4317 571 4384; x_wconf 61' lang='lat' dir='ltr'>mandrae</span> <span class='ocrx_word' id='word_1_333' title='bbox 584 4325 790 4400; x_wconf 76' lang='lat' dir='ltr'>affirmatione,</span> <span class='ocrx_word' id='word_1_334' title='bbox 804 4325 945 4406; x_wconf 78' lang='lat' dir='ltr'>quonium</span> <span class='ocrx_word' id='word_1_335' title='bbox 955 4328 1027 4392; x_wconf 89' lang='lat' dir='ltr'>nihil</span> <span class='ocrx_word' id='word_1_336' title='bbox 1042 4349 1077 4394; x_wconf 81' lang='lat' dir='ltr'>er</span> <span class='ocrx_word' id='word_1_337' title='bbox 1089 4350 1126 4394; x_wconf 88' lang='lat' dir='ltr'>eo</span> <span class='ocrx_word' id='word_1_338' title='bbox 1142 4331 1239 4396; x_wconf 76' lang='lat' dir='ltr'>cointii</span> <span class='ocrx_word' id='word_1_339' title='bbox 1254 4351 1325 4415; x_wconf 87' lang='lat' dir='ltr'>per-</span> 
     </span>
     <span class='ocr_line' id='line_1_39' title="bbox 165 4412 1325 4514; baseline 0.025 -43"><span class='ocrx_word' id='word_1_340' title='bbox 165 4412 301 4481; x_wconf 65' lang='lat' dir='ltr'>t&gt;enititur</span> <span class='ocrx_word' id='word_1_341' title='bbox 320 4413 370 4492; x_wconf 84' lang='lat' dir='ltr'>sit,</span> <span class='ocrx_word' id='word_1_342' title='bbox 388 4417 413 4480; x_wconf 85' lang='lat' dir='ltr'>si</span> <span class='ocrx_word' id='word_1_343' title='bbox 433 4417 471 4480; x_wconf 85' lang='lat' dir='ltr'>de</span> <span class='ocrx_word' id='word_1_344' title='bbox 488 4419 605 4489; x_wconf 75' lang='lat' dir='ltr'>veritate</span> <span class='ocrx_word' id='word_1_345' title='bbox 624 4425 687 4490; x_wconf 85' lang='lat' dir='ltr'>eiru</span> <span class='ocrx_word' id='word_1_346' title='bbox 706 4425 938 4508; x_wconf 77' lang='lat' dir='ltr'>praedictionum</span> <span class='ocrx_word' id='word_1_347' title='bbox 958 4429 1013 4495; x_wconf 86' lang='lat' dir='ltr'>ribi</span> <span class='ocrx_word' id='word_1_348' title='bbox 1035 4451 1212 4514; x_wconf 76' lang='lat' dir='ltr'>pereuntum</span> <span class='ocrx_word' id='word_1_349' title='bbox 1228 4435 1325 4500; x_wconf 82' lang='lat' dir='ltr'>luerit</span> 
     </span>
    </p>
   </div>
   <div class='ocr_carea' id='block_1_4' title="bbox 0 0 1551 4954">
    <p class='ocr_par' dir='ltr' id='par_1_9' title="bbox 0 0 1551 4954">
     <span class='ocr_line' id='line_1_40' title="bbox 0 0 1551 4954; baseline 0 0"><span class='ocrx_word' id='word_1_350' title='bbox 0 0 1551 4954; x_wconf 95' lang='lat' dir='ltr'> </span> 
     </span>
    </p>
   </div>
  </div>
 </body>
</html>
