3092 4964
642 437 648 446 ι
715 346 774 411 ιιι

758 437 841 447 ...ο-ι

160 554 194 600 sc
208 534 353 618 gessisse3
374 543 515 618 quantum
531 535 615 619 pretii
632 534 727 618 djacis
748 553 855 616 operae
874 535 1061 599 statuendum
1082 547 1175 610 esset,
1194 553 1257 599 non
1276 535 1324 596 di·

159 649 248 702 xerat
278 639 378 720 Neque
391 656 493 702 uerum
504 647 559 714 est,
574 638 654 720 quod
666 637 864 702 Schneiderus
878 639 980 713 credit,
996 630 1145 720 acidupoi·
1159 657 1227 702 cnm
1243 657 1321 720 quo-
1338 651 1356 700 u

159 740 229 804 libet
243 739 332 804 serbo
352 741 543 823 coniunctum
558 740 677 822 aliquod
691 740 747 803 uile
762 761 797 806 ao
816 741 880 804 sine
896 742 992 823 pretio
1017 742 1180 822 designare.
1226 741 1323 816 Quem

159 843 238 906 enim
253 852 404 907 auctorem
420 843 502 915 citat.
522 842 705 906 Erfurdtium
720 843 757 907 ad
772 844 909 926 Antigon.
927 863 952 906 u.
973 844 1046 918 183,
1060 843 1086 906 is
1100 843 1219 927 quidem
1234 843 1324 906 rerba

159 966 235 1028 quae
249 945 288 1010 ibi
309 953 437 1009 castam:
457 939 571 1007 τοῦτον
584 936 734 1026 οὐδαμοῦ
753 941 853 1029 λέγω,
872 946 1048 1010 infinitivum
1069 933 1155 1008 cisoa
1175 944 1323 1027 supplen-

160 1047 233 1112 dum
248 1069 315 1113 esse
330 1065 465 1125 monens,
479 1057 559 1111 recte
573 1047 709 1130 explicat:
731 1053 763 1112 in
782 1049 865 1112 nulla
880 1048 1000 1113 donares
1014 1047 1078 1112 loeo
1093 1067 1153 1111 ease
1167 1051 1242 1112 alico.
1271 1048 1325 1110 Est

159 1151 237 1216 enim
254 1141 401 1232 οὐδαμοῦ
416 1138 517 1230 εἶναι,
532 1142 730 1238 φαίνεσθαι,
746 1142 946 1233 νομίζεσθαι
962 1151 1039 1215 idem
1055 1160 1141 1232 atque
1150 1149 1323 1214 Latinorum

160 1256 242 1320 nullo
258 1273 381 1319 aarmero
397 1276 424 1318 o.
441 1255 503 1318 loeo
518 1273 578 1318 esse
597 1275 625 1317 o.
640 1253 758 1327 lolem,
780 1273 868 1337 quern
890 1272 992 1332 usum,
1017 1264 1134 1337 practer
1152 1273 1219 1328 eos,
1246 1274 1324 1336 qums

160 1359 326 1426 Erlunltius
341 1359 452 1436 laudat,
479 1358 631 1424 illustmrit
646 1357 833 1423 lleindortlus
853 1358 889 1422 ad
907 1358 979 1422 l'lat.
995 1359 1101 1441 Georq.
1122 1377 1151 1441 p.
1172 1360 1230 1436 3l;
1256 1358 1324 1442 quis

159 1475 256 1530 auum
274 1465 342 1530 inde
357 1464 472 1548 colligat
482 1454 676 1547 συμβαίνειν
690 1455 839 1545 οὐδαμοῦ
852 1483 934 1528 esso:
950 1482 1069 1548 opernm
1085 1465 1158 1528 dare
1168 1483 1243 1548 qaae
1254 1463 1326 1527 aul·

160 1570 218 1634 lina
231 1573 269 1634 ιιι
278 1567 390 1653 pretii?
402 1605 447 1617 -
460 1569 522 1633 Nos
537 1569 655 1653 quidem
678 1588 746 1633 curn
761 1567 911 1632 Erfurdtio
926 1568 1055 1632 Triclinii
1079 1569 1225 1632 rationem
1250 1588 1325 1650 pro-

160 1674 278 1750 bamus,
290 1673 329 1738 ita
339 1686 437 1739 tamen
448 1682 480 1738 ut
489 1673 587 1756 paullo
598 1673 760 1736 accuratius
770 1671 968 1755 explicandam
980 1681 1133 1755 putemusq
1143 1673 1223 1754 quotl
1239 1674 1324 1755 prius

160 1797 247 1862 quarn
265 1778 421 1853 iaciamus,
442 1777 479 1842 dc
498 1777 554 1840 ista
574 1777 661 1841 altera
676 1774 870 1859 explicatione
884 1795 977 1858 panca
991 1775 1124 1839 addenda
1139 1795 1207 1839 esso
1222 1775 1326 1840 violeu-

160 1892 216 1947 tnr.
240 1882 288 1947 dit
307 1883 385 1947 enim
401 1881 445 1947 uir
458 1879 647 1945 notatissimus
662 1901 728 1944 esso
743 1881 823 1944 ltunc
835 1880 944 1954 locum,
960 1880 986 1943 si
1000 1879 1119 1962 quidum
1134 1899 1187 1943 stra
1202 1890 1325 1944 senten·

160 1986 198 2050 tia
218 1986 370 2070 probanda
391 1984 442 2064 sit,
468 1985 504 2050 iis
523 1983 791 2060 adnumerandum,
817 1983 848 2047 in
868 1983 977 2066 qnilaus
996 1983 1032 2046 ad
1052 1983 1178 2066 primam
1195 1985 1327 2067 speciem

160 2091 342 2155 abundanter
357 2091 453 2174 posita
469 2089 600 2154 videatur
614 2089 755 2171 particula
772 2079 820 2152 oli.
849 2089 892 2151 dc
906 2107 977 2151 sane
992 2087 1089 2170 potant
1099 2087 1187 2151 ctiam
1204 2087 1243 2152 ita
1255 2089 1329 2152 dici:

160 2196 229 2259 moi
244 2189 365 2278 βάπος
380 2184 401 2281 ἢ
415 2187 643 2272 cadurcinae,
659 2179 765 2279 οὗπερ
780 2184 861 2276 ἐγώ
875 2191 925 2255 sed
939 2191 1051 2256 diversa
1064 2201 1160 2256 mmen
1173 2193 1329 2257 sententia.

160 2296 284 2380 Negaret
298 2298 377 2362 enim
394 2299 433 2364 ita
447 2299 662 2382 Agamemnon,
677 2297 793 2379 djacem
808 2314 956 2378 quoquam
973 2298 1137 2378 proiectum
1152 2317 1218 2360 esse
1231 2307 1260 2361 et
1276 2317 1330 2362 us·

162 2421 250 2484 quam
267 2403 446 2481 constitisse,
458 2403 510 2468 ubi
520 2402 585 2486 ipse
600 2401 743 2479 stetissct3
759 2419 838 2466 ntrnc
848 2410 956 2476 autom,
970 2423 987 2464 c
999 2401 1094 2465 nostri
1105 2402 1224 2486 quidem
1235 2402 1330 2467 inter·

161 2507 256 2590 prelis
272 2509 424 2582 sententia,
440 2525 501 2571 non
516 2527 583 2569 esse
598 2505 748 2570 contendit
762 2506 812 2569 ulai
829 2505 899 2587 djax
915 2505 1088 2582 constiterit,
1103 2525 1138 2569 ac
1151 2523 1213 2568 non
1225 2507 1329 2587 potius

161 2611 234 2692 ipsc.
264 2611 463 2687 Quamobrem
478 2609 628 2674 abundare
643 2611 827 2692 negationem
842 2626 931 2672 nomo
947 2607 1061 2683 dixerit,
1077 2609 1127 2690 qui
1141 2609 1218 2672 lianc
1232 2608 1330 2672 inter·

160 2713 354 2795 pretationem
370 2715 488 2797 probet,
508 2715 559 2776 sed
581 2711 680 2796 potius
696 2713 801 2776 deesse
815 2709 983 2776 aelrerlrium
998 2706 1132 2793 μᾶλλον.
1177 2711 1243 2776 lloc
1256 2731 1330 2776 sero

160 2816 255 2880 omitti
271 2817 351 2880 nullo
367 2817 458 2881 modo
474 2817 584 2900 potuit,
605 2835 697 2899 quum
713 2814 812 2880 omnis
833 2813 993 2877 sententiae
1008 2815 1051 2876 ris
1066 2813 1097 2876 iu
1111 2835 1148 2877 eo
1164 2815 1262 2898 posita
1279 2816 1330 2890 sit,

159 2926 192 2984 ut
207 2939 240 2982 sc
255 2919 354 3003 potius
370 2923 574 3002 dqamemnon
589 2938 677 3001 quarn
690 2920 808 3003 Ajacem
824 2917 929 2982 alicubi
944 2917 1114 2982 constitisse
1128 2919 1213 2983 dicat.
1252 2920 1331 2984 Nam

159 3023 238 3106 quod
254 3033 356 3088 mouet
370 3025 517 3109 interpres
538 3042 706 3108 pronoanen
721 3017 787 3108 ἐγώ
809 3043 880 3087 racc
900 3021 1072 3105 erigendum
1092 3042 1174 3096 esse;
1194 3025 1331 3105 quamuis

159 3126 322 3210 ungamus.
342 3127 415 3192 nilail
429 3137 529 3192 tamen
544 3127 732 3211 proficimus,
753 3128 811 3192 nisi
832 3125 1085 3217 suppleatnrillud
1099 3121 1241 3208 μᾶλλον,
1269 3149 1332 3212 quo

49 3279 53 3286 .
159 3231 272 3296 omisso
289 3233 359 3316 quid
374 3231 432 3298 sibi
447 3233 515 3297 velit
534 3215 639 3315 οὗπερ
658 3223 716 3297 οὐκ
736 3226 801 3316 ἐγώ
823 3251 913 3296 nemo
937 3241 1016 3296 rectu
1033 3231 1202 3314 perspicere
1220 3241 1333 3314 potest

158 3333 196 3396 tlt
211 3334 401 3399 doctissimus
417 3335 565 3420 interpres
585 3354 647 3400 non
663 3333 787 3418 podica
800 3335 947 3421 suppleri,
967 3335 1018 3398 scd
1038 3335 1201 3418 pleniorem
1223 3336 1334 3420 hujus·

161 3439 275 3502 ternodi
297 3437 477 3502 locationem
497 3438 619 3521 cogitari
634 3439 708 3504 uult:
739 3436 815 3518 πῶς
828 3436 891 3526 γὰρ
906 3432 967 3526 ἔβη
983 3429 1112 3526 ἢέστη,
1140 3425 1248 3526 οἷπερ
1270 3432 1332 3506 oa’aa

65 3531 68 3538 ’
158 3533 224 3624 ἐγώ
246 3534 378 3628 utuiqe,
403 3531 473 3605 ἀλλ’
489 3535 629 3620 &aaron
650 3543 735 3624 Atqui
751 3543 809 3606 lico
823 3545 922 3626 ipsum
938 3535 1008 3606 ἀλλ’
1022 3537 1160 3621 ἐκεῖνος,
1186 3543 1252 3608 sine
1267 3565 1331 3628 «quo
1349 3559 1365 3612 t

158 3643 245 3708 verba
268 3643 314 3708 illa
337 3644 372 3708 ad
395 3643 485 3708 istum
501 3644 625 3708 modum
649 3645 767 3728 intelligi
783 3665 909 3728 prorsus
925 3664 986 3709 non
1002 3653 1144 3726 possunt,
1170 3665 1206 3708 eo
1228 3650 1333 3712 minus

159 3748 358 3830 supplendum
374 3753 461 3831 poeta
475 3745 658 3811 auditoribus
674 3748 838 3830 relinquere
852 3749 961 3824 uetant,
975 3768 1035 3830 quo
1050 3747 1151 3811 minus
1166 3748 1333 3833 quidquam

159 3851 269 3915 inesset
283 3851 313 3915 in
330 3851 397 3934 ipsc
413 3847 555 3914 orationis
570 3857 680 3928 tenore,
695 3852 774 3934 quod
790 3852 847 3916 tale
857 3852 1095 3936 supplementum
1107 3851 1237 3933 flagitare
1249 3855 1335 3921 side-

158 3961 248 4018 retur.
292 3953 371 4018 llaec
384 3962 431 4018 est
444 3952 524 4017 onim
540 3951 617 4016 beno
630 3953 769 4036 loquendi
784 3956 844 4032 lex,
859 3965 893 4020 ut
907 3955 979 4020 nihil
993 3954 1158 4030 reticeatur.
1174 3955 1233 4021 nisi
1248 3961 1334 4042 «qnod

159 4055 306 4119 omissum
329 4073 396 4120 csso
417 4074 453 4118 cx
475 4055 540 4138 ipsa
563 4057 707 4122 orationis
729 4059 915 4124 connexione
936 4067 1043 4140 pateat
1091 4058 1203 4123 llostro
1229 4073 1334 4128 autern

158 4156 225 4220 loco
246 4175 284 4220 ne
303 4155 353 4221 laic
372 4155 491 4238 quidem
512 4156 576 4239 ipsc
591 4158 634 4224 vir
653 4161 861 4242 sagacissimus
876 4161 913 4226 dc
928 4159 976 4226 tali
991 4161 1200 4245 supplemento
1216 4167 1335 4250 cogita-

160 4269 244 4323 turos
259 4269 335 4334 erat,
354 4258 413 4322 nisi
433 4275 521 4322 amu
544 4259 641 4354 1281,
661 4262 691 4324 la.
711 4282 738 4326 c.
753 4273 824 4344 post
839 4262 1008 4346 interiectos
1029 4281 1133 4328 uersus
1146 4275 1291 4348 quattuor
1304 4283 1336 4336 et

161 4360 361 4443 quadraginta,
376 4360 407 4425 in
421 4377 455 4425 ea
469 4361 558 4426 rerba
572 4361 737 4440 incidisset,
753 4383 828 4447 quac
845 4373 878 4430 ut
892 4365 929 4430 ad
946 4365 993 4430 illa
1008 4368 1108 4451 priora
1123 4370 1335 4455 aliquomodo
