3092 4964
705 515 747 522 .„.
764 427 865 525 tlt..
889 518 907 528 -

229 619 341 684 codices
367 636 394 678 r.
415 615 475 680 851
503 614 646 679 dicentem
673 615 795 691 iaciunt,
821 607 908 680 εἴτε
931 611 1125 702 δημόθρους
1147 611 1287 708 α’ναργιά
1306 625 1388 706 (lou-

226 717 284 808 Ap'r
304 711 555 806 καταρρίψειεν,
577 735 639 780 non
655 719 743 782 credo
758 718 853 784 sicali
868 719 1011 801 Aeschylo
1027 721 1170 804 seriptum
1187 745 1262 789 esse.
1293 727 1388 792 inter·-

226 833 323 907 pretes
338 823 457 907 quidem
471 813 595 906 βουλήν
613 821 650 885 de
669 831 775 886 senatu
797 822 928 904 quodam
948 823 1108 904 accipiunt,
1131 826 1178 889 oui
1197 846 1321 910 regnum
1336 831 1389 894 ab·

224 935 308 992 sente
336 945 405 1009 rego
435 927 576 989 tuendum
604 925 705 1002 luerit3
732 925 783 989 sed
810 924 839 989 id
866 924 892 988 si
920 925 1038 1009 intelligi
1056 928 1218 1012 Aeschylus
1238 933 1388 1009 noluisset,

224 1031 322 1114 paullo
338 1030 478 1095 disertius
493 1029 570 1095 lraud
585 1027 673 1093 dulrio
687 1028 844 1110 eloquutus
865 1029 949 1093 soret.
979 1031 1143 1114 Scripsisse
1166 1053 1233 1100 eum
1251 1036 1390 1119 suspicor

224 1130 348 1223 βουλὴν
369 1129 473 1222 κακόν
493 1129 643 1221 ρόφειεν.
670 1167 713 1180 -
739 1132 839 1216 Neque
866 1133 1038 1218 incorrupto
1064 1147 1134 1202 sunt
1160 1139 1389 1221 Agamemnonis

225 1241 313 1306 rerba
341 1261 367 1306 ν.
388 1241 465 1308 δθθι
491 1233 618 1326 γνώμην
638 1231 698 1320 μὲν
720 1227 800 1302 ἴσθι
829 1232 874 1323 μό
898 1231 1136 1327 διαφθεροῦντ’
1158 1235 1227 1325 ἐμέ.
1272 1243 1389 1328 Quippe

225 1339 354 1433 γιιόμρν
376 1337 592 1432 διαφθείρειν
612 1344 659 1409 rix
673 1351 752 1408 recto
766 1342 882 1421 dicitur,
897 1343 947 1426 qui
962 1343 1042 1408 alteri
1058 1347 1223 1410 concedens
1238 1364 1300 1411 non
1320 1367 1390 1430 por·

225 1459 338 1516 severat
352 1450 381 1514 io
396 1449 550 1526 sententia,
564 1449 616 1512 sed
632 1449 658 1512 is
673 1448 772 1531 potius
788 1446 838 1528 qui
854 1447 934 1512 alteri
948 1449 1115 1530 persuadet,
1129 1458 1163 1514 ut
1174 1449 1303 1515 deterius
1315 1469 1389 1514 con-

227 1553 312 1617 sulat
337 1553 436 1634 ltaque
454 1551 641 1615 scribendum
661 1551 733 1614 erit:
761 1543 890 1636 γνιόμνγν
910 1544 972 1633 μὲν
993 1541 1075 1614 ἴσθι
1097 1547 1142 1637 μή
1167 1544 1391 1642 διαφθεροῦσ’

225 1647 315 1742 ἐμόν.
331 1689 373 1702 -
388 1654 526 1719 Proxima
541 1653 629 1717 rerba
644 1654 891 1737 Clytaemestrae
912 1673 937 1716 ν.
954 1653 1031 1717 90οι
1047 1643 1135 1738 φόξισ
1156 1655 1255 1732 θεοῖς
1276 1647 1391 1732 δείσας

224 1744 331 1822 dudd
343 1749 549 1841 ἔρδειντόδε,
555 1757 686 1838 plerique
694 1757 926 1840 sieintorpretati
935 1755 1215 1826 suntrroristine
1230 1757 1302 1822 diis
1315 1777 1391 1823 me·

225 1870 330 1925 tuens
351 1861 404 1924 sio
423 1861 599 1924 lecturum
621 1870 654 1924 te
672 1859 767 1924 ista?
787 1862 958 1936 autetiam,
977 1859 1116 1942 qnoniam
1133 1859 1176 1924 sic
1195 1851 1236 1924 ι’ίν
1251 1862 1390 1944 particula

225 1982 287 2028 non
302 1961 471 2027 conueniret
484 1963 660 2038 sententiae,
675 1961 791 2028 srdrlato
807 1962 893 2044 signo
909 1961 1161 2044 interrogationis,
1183 1963 1213 2025 in
1229 1963 1310 2027 hunc
1322 1983 1390 2026 uro·

121 2087 123 2092 ’
226 2065 310 2130 dum:
326 2066 490 2130 vovisses
504 2066 591 2130 haee
604 2066 652 2130 itu
669 2068 806 2142 lacere,
822 2067 852 2130 si
868 2064 1001 2148 aliquid
1017 2064 1222 2128 metuisses.
1251 2065 1390 2129 Neutram

226 2167 495 2250 interpretationem
515 2168 585 2232 lorri
605 2187 696 2251 posse
711 2177 788 2232 recto
804 2168 991 2232 llermannus
1006 2167 1130 2232 nronuit.
1160 2167 1256 2231 Immo
1271 2167 1390 2232 ridicada

226 2281 271 2335 est
285 2272 438 2348 sententia,
453 2272 479 2335 si
491 2257 550 2334 ὧδ’
563 2261 675 2353 ἔρδειν
688 2265 771 2334 τόδε
784 2271 926 2353 accipitur
940 2270 976 2334 de
992 2271 1178 2335 recusatione
1191 2273 1392 2352 Agamemno·

226 2375 289 2450 nis,
314 2393 407 2456 quum
427 2393 460 2438 so
479 2382 565 2456 negat
584 2391 636 2456 per
657 2374 784 2456 stragula
804 2373 988 2438 incessumm
1009 2393 1085 2436 esse.
1114 2373 1189 2436 llam
1216 2373 1244 2436 id
1272 2391 1306 2436 se
1328 2390 1391 2436 non

174 2485 209 2539 tt
226 2479 371 2542 iacturum
386 2495 491 2541 rosere
505 2475 549 2540 sie
563 2476 684 2540 demum
699 2477 862 2559 potuisset,
876 2477 902 2541 si
917 2475 1110 2559 praevidisset
1129 2478 1192 2540 lore
1211 2485 1244 2539 ut
1262 2475 1390 2558 stragula

224 2578 281 2642 sibi
294 2579 427 2643 redeunti
443 2579 709 2643 substernerentur.
735 2578 921 2642 llurmannus
937 2578 1055 2660 scripsit
1070 2571 1237 2658 δείσασαν,
1253 2578 1389 2643 restituto

226 2681 310 2764 signo
326 2681 579 2762 interrogationis,
596 2683 647 2746 sod
663 2682 904 2764 interpretatione
924 2682 1001 2745 nrdla
1021 2681 1132 2746 addita:
1153 2701 1248 2764 neque
1267 2700 1322 2762 ego
1337 2700 1389 2745 es-

225 2793 328 2866 putare
341 2803 481 2866 possum,
500 2785 571 2866 quid
586 2785 645 2847 lroe
659 2784 824 2866 significare
838 2784 970 2847 uoluerit
1001 2784 1174 2874 Aeschylum
1194 2794 1293 2848 autem
1314 2784 1389 2846 scri-

225 2886 322 2968 psisse
336 2887 398 2951 aio:
413 2875 506 2964 εὖξαι
528 2887 626 2963 θεοῖς
648 2879 778 2962 δείσας·
800 2880 840 2948 σδ
863 2871 952 2948 d’uid’
974 2877 1084 2968 ἕρδειν
1103 2879 1194 2949 τόδε.
1216 2886 1246 2948 lr.
1262 2905 1287 2948 e.
1307 2903 1390 2966 pre·

225 2989 331 3054 cibus
345 2989 450 3072 placa
469 2991 556 3053 deos
577 2987 684 3052 eleos
700 2991 822 3066 (eorum
843 2985 1144 3064 animaduersionem)
1164 2987 1308 3062 motuis3
1328 2987 1390 3049 sed

226 3090 282 3154 lae
296 3091 391 3172 quod
407 3099 440 3154 te
454 3090 569 3154 iubeo.
599 3088 871 3152 conformationem
891 3087 1046 3164 orationis,
1061 3087 1137 3152 haud
1153 3107 1250 3152 raram
1266 3087 1344 3152 illam
1360 3088 1390 3151 in

227 3189 400 3256 huiusmodi
419 3191 634 3265 adhortatione,
655 3207 730 3271 quae
755 3198 821 3252 ante
846 3187 930 3251 dictis
951 3190 1127 3272 opponitur,
1154 3187 1391 3272 comprobabunt

228 3292 340 3376 aliquot
364 3293 505 3376 exempla.
534 3291 620 3355 llom.
647 3291 702 3355 0d.
724 3290 812 3366 lllill,
833 3290 910 3354 431:
929 3286 1033 3377 μήπω
1055 3283 1144 3379 τόνδ’
1167 3283 1328 3378 ἀνέγειρε·
1350 3287 1391 3356 oi·

228 3386 383 3460 δ’ἐνθόδε
409 3384 486 3459 sirra'
512 3385 670 3478 γιναιξίν.
707 3392 827 3457 ίΙσείοδ.
846 3392 882 3456 0.
901 3402 931 3456 et
948 3395 981 3458 ll.
1002 3415 1028 3458 ν.
1048 3395 1127 3459 4022
1140 3390 1250 3480 χρῆμα
1270 3389 1331 3476 μὲν
1352 3386 1392 3459 ori

227 3491 382 3584 πρήξεις·
404 3493 445 3561 od
467 3488 622 3561 δ’δτιόσια
643 3487 738 3560 πόλλ’
760 3487 958 3580 όγορεόσεις.
988 3499 1081 3580 Soplr.
1097 3497 1141 3561 El.
1155 3517 1182 3560 ν.
1198 3493 1392 3561 394ιταῦτα

224 3594 286 3680 μὲν
306 3592 427 3680 μέθες·
449 3593 490 3661 od
512 3591 550 3662 δὲ
571 3593 718 3679 τεμοῦσα
739 3593 859 3680 κρατός
879 3593 1069 3686 βοστρύχων
1091 3589 1195 3684 ι’ίκρας
1215 3593 1391 3687 φόβας-

227 3695 296 3778 δός.
333 3701 404 3766 Εσε.
432 3699 502 3764 Tro.
529 3699 606 3764 tto:
634 3691 720 3763 tneo
743 3692 782 3764 δέ
794 3719 855 3782 μοι
878 3697 964 3787 πρὸς
985 3697 1077 3779 ναός·
1100 3697 1141 3768 σό
1163 3693 1276 3788 δ’ἡνίιί
1290 3693 1332 3764 όν
1352 3719 1391 3766 σε

226 3795 382 3888 Λαρτίου
402 3797 502 3890 γρόζγγ
524 3795 625 3878 τόκος
646 3791 749 3885 όγειν,
772 3795 933 3870 ἕπεσθαι.
968 3805 1007 3869 Et
1025 3806 1057 3869 in
1076 3807 1142 3890 ipsa
1167 3805 1223 3870 lmc
1241 3807 1344 3887 Agam.
1364 3825 1390 3868 r.

229 3905 325 3970 1019:
355 3899 386 3971 el
413 3897 618 3992 δόξυνόμιον
642 3891 726 3970 odeo
750 3901 797 3992 μό
826 3900 917 3984 δέχει
943 3901 1056 3989 λόγον,
1084 3903 1124 3972 σι)
1152 3897 1257 3971 δ’δντὶ
1278 3903 1392 3994 φωνῆς
1473 3932 1475 3936 ·

226 4001 333 4091 φράζε
353 4003 508 4091 καρβόνφ
535 3997 616 4089 χερί.
632 4039 676 4054 -
701 4007 802 4069 Paullo
821 4016 891 4088 post
909 4005 1099 4088 interroganti
1119 4007 1347 4090 Agamemnoni:
1371 3995 1392 4094 ἦ

228 4097 285 4170 καί
306 4123 346 4169 σο
367 4099 460 4194 νίκην
478 4102 576 4194 τόνδε
597 4101 714 4192 δόριος
734 4097 833 4183 siric,-
854 4108 1014 4188 respondet
1028 4108 1254 4191 Clytaemnestra
1269 4127 1296 4172 v.
1313 4109 1391 4173 910:

228 4202 352 4269 πιθοῦ·
373 4201 493 4292 κρότος
512 4202 627 4289 μέντοι
650 4199 756 4290 πόρος
778 4197 891 4290 sinodo
911 4201 995 4289 δμσί.
1032 4211 1066 4274 ln
1091 4209 1320 4292 interrogatione
1344 4209 1390 4273 illa

228 4305 278 4388 qui
303 4305 491 4372 scribendum
512 4297 727 4394 censueruntr}
749 4297 788 4370 οδ
810 4303 868 4371 καὶ
890 4305 930 4374 od
945 4345 1001 4388 -,
1026 4311 1203 4377 sententiam
1228 4329 1290 4374 nou
1311 4320 1392 4374 recte

227 4404 398 4490 percepisse
412 4407 555 4474 ridentur.
583 4411 649 4474 lloc
662 4409 733 4474 dicit
748 4414 944 4491 Agamemno:
965 4411 1054 4476 llum
1071 4433 1149 4479 rere
1173 4423 1209 4477 tu
1228 4413 1321 4477 hano
1339 4412 1392 4476 ri·
