3106 4958
750 427 792 494 82

194 615 219 680 is
231 606 429 700 perversoris
442 613 505 689 erit,
520 611 661 694 quoniam
676 612 759 677 solus
774 623 836 690 est,
854 612 932 676 idem
951 619 1049 674 arrum
1069 602 1197 692 ἕτερος,
1217 620 1354 694 respectu

194 718 292 800 patris,
308 717 338 779 in
354 717 440 781 cuius
454 717 552 780 locum
566 735 760 780 successurus
776 725 836 792 est,
851 716 922 780 alter
944 714 1052 777 donrus
1072 732 1242 796 possessor.
1286 715 1355 779 Non

192 819 336 900 displicuit
350 820 424 883 baec
437 819 637 902 interpretatio
653 819 768 883 liankio
784 841 814 902 p.
829 821 882 896 24,
898 838 953 883 nec
968 817 1116 900 discrepat
1129 817 1166 880 ab
1180 837 1214 882 aa
1225 818 1354 882 beedm-

190 922 275 996 linus,
290 923 328 986 de
342 943 402 1006 quo
417 923 603 987 llermonnus
618 922 691 986 dixit
705 922 736 985 in
752 923 865 986 diurnis
876 919 1049 1004 antiquariis
1060 939 1128 986 ann.
1145 921 1227 985 1836
1239 941 1268 1004 p.
1281 921 1353 984 532.

189 1025 257 1088 llibi
276 1027 364 1090 talem
383 1027 560 1090 sententiam
579 1044 616 1090 nc
636 1025 783 1108 pessimus
805 1025 923 1108 quidem
946 1033 976 1086 et
997 1024 1244 1088 indisertissimus
1265 1032 1355 1106 poeta

190 1127 234 1191 sic
256 1127 371 1194 ridetur
394 1149 588 1212 expressurus
611 1130 717 1205 luisse,
743 1128 875 1210 nihilque
900 1135 1011 1191 restare
1030 1137 1121 1211 puto,
1148 1126 1206 1190 nisi
1227 1135 1260 1190 ut
1286 1145 1354 1190 cum

190 1233 335 1296 ueteribus
354 1233 461 1298 criticis
480 1235 560 1300 launo
579 1254 695 1299 uersum
716 1233 746 1298 in
766 1233 825 1297 boc
850 1231 967 1315 quidem
990 1240 1128 1294 contextu
1154 1220 1355 1314 ἀδιανόητον

189 1357 254 1400 esse
269 1339 421 1403 fateamur.
442 1373 485 1386 -
509 1340 568 1403 Sed
584 1349 630 1403 cst
643 1346 791 1422 praeterea
806 1333 1005 1400 memorabilis
1027 1335 1169 1417 quaedam
1192 1333 1354 1416 scripturos

191 1439 342 1504 diversitas
357 1442 387 1504 in
403 1461 490 1506 uersu
505 1442 612 1525 primo,
626 1461 717 1525 quum
732 1440 762 1504 in
777 1439 923 1522 plerisque
937 1436 1088 1502 codicibus
1102 1437 1179 1502 sieut
1193 1437 1224 1501 in
1245 1436 1353 1500 editio·

189 1542 275 1605 nibus
289 1552 356 1606 ante
369 1545 604 1608 Gaisiordianam
620 1544 759 1608 omnibus
779 1561 840 1608 non
862 1533 914 1628 εἴη
936 1541 1080 1623 scriptum
1104 1542 1155 1618 sit,
1170 1541 1221 1606 sed
1237 1534 1352 1620 σώζοι.
1434 1547 1437 1554 ’

189 1645 252 1708 lloc
266 1645 461 1726 Goettlingius
475 1646 513 1709 ab
528 1647 564 1710 iis
579 1648 744 1727 proiectum
759 1665 826 1710 csse
841 1643 951 1716 statuit,
965 1643 1014 1726 qui
1027 1644 1174 1708 brevitatis
1189 1663 1277 1708 causa
1289 1663 1351 1708 uno

186 1767 273 1812 rersu
288 1769 377 1831 quam
392 1746 508 1811 duobus
523 1747 675 1812 decadem
691 1766 724 1811 re
738 1747 780 1811 uti
796 1747 926 1810 mallent:
941 1745 1014 1809 milri
1028 1745 1212 1827 probabilius
1227 1747 1351 1824 ridetur,

185 1841 238 1936 εἴη
255 1871 309 1935 pro
324 1846 426 1930 σιόζιιι
440 1851 478 1914 ab
493 1852 591 1932 aliquo
606 1851 817 1933 interpolatore
833 1850 977 1931 scriptum
992 1869 1067 1923 esse,
1084 1849 1133 1932 qui
1145 1860 1249 1932 poetae
1264 1849 1352 1913 rerba

186 1953 216 2016 in
247 1953 331 2017 aliam
361 1952 536 2017 senteutiam
565 1954 761 2036 detorqueret
810 1953 901 2017 Poeta
928 1955 987 2016 boc
1015 1952 1101 2016 dixit:
1136 1971 1229 2016 unum
1258 1952 1351 2015 lilium

186 2055 348 2136 optandum
363 2075 431 2119 esse
452 2056 489 2118 ad
509 2057 741 2119 conservandam
761 2055 884 2118 domum
899 2055 1023 2136 patriam
1040 2075 1065 2118 s.
1080 2053 1221 2136 stirpem,
1242 2054 1352 2119 scilicet

186 2175 224 2220 ne
238 2178 271 2221 ea
290 2157 434 2222 interiret:
453 2157 482 2220 id
502 2157 582 2221 enim
605 2157 751 2240 signiticat
772 2150 890 2236 σώζειν
909 2154 966 2220 τὸν
988 2144 1095 2236 οἶκοι,
1117 2167 1146 2222 et
1165 2157 1282 2221 interire
1297 2159 1351 2221 ali-

184 2279 273 2340 quam
292 2260 416 2323 domum
436 2259 517 2323 nullo
538 2260 646 2323 lreredc
670 2259 771 2322 relicto
797 2260 828 2322 in
854 2259 1102 2324 maximis.malis
1128 2260 1260 2324 habitum
1285 2281 1352 2324 esse

185 2375 311 2427 constat.
342 2363 457 2428 Unum
472 2373 571 2428 autem
584 2363 674 2427 lilium
686 2363 767 2439 dixit,
780 2363 921 2446 quoniam
933 2364 968 2426 ad
980 2363 1211 2427 conservandam
1227 2363 1351 2427 domum

184 2466 317 2546 pluribus
331 2485 393 2530 non
409 2486 486 2549 opus
500 2478 554 2542 cst,
568 2467 660 2530 immo
676 2476 806 2549 praestat
821 2485 913 2530 unum
928 2485 1005 2540 osse,
1019 2485 1057 2530 ne
1072 2465 1151 2530 bona
1167 2467 1243 2531 inter
1254 2468 1351 2550 plures

183 2568 276 2634 divisa
291 2569 470 2634 minuantur.
515 2569 673 2634 Proainros
687 2578 785 2633 autem
805 2569 881 2633 duos
897 2587 1014 2641 rersus,
1029 2569 1091 2632 377
1112 2582 1142 2633 ot
1164 2569 1241 2646 378,
1266 2579 1300 2633 ut
1320 2569 1351 2632 in

184 2673 361 2756 quibusdam
390 2675 459 2738 olim
485 2675 702 2757 exemplaribus
728 2692 789 2738 non
813 2674 906 2738 lectos
928 2693 995 2737 esse
1017 2673 1149 2749 credam,
1175 2672 1351 2738 scholiastae

183 2775 280 2839 uerbis
294 2777 436 2852 adducor,
450 2779 510 2862 qui,
525 2789 719 2862 posteaquam
732 2797 848 2842 rersunr
860 2779 999 2862 primum,
1014 2777 1050 2840 de
1060 2797 1121 2841 uno
1134 2777 1194 2842 tilio
1212 2777 1352 2860 optando,

183 2880 401 2946 criminandum
417 2882 505 2946 rideri
521 2903 612 2966 posse
627 2883 716 2958 dixit,
739 2891 771 2947 ut
785 2883 928 2966 scriptum
943 2881 980 2946 ab
996 2881 1175 2964 indignante,
1191 2883 1272 2966 quod
1288 2901 1350 2947 non

184 3007 217 3048 sc
240 2987 339 3050 solum
360 2997 443 3070 prater
464 2987 672 3071 procreaverit,
697 2988 734 3052 ad
755 2987 922 3052 diluendam
943 2986 1088 3051 eiusmodi
1114 2986 1350 3052 criminationem

186 3090 317 3171 primurn
330 3090 384 3153 alia
399 3093 525 3172 perolent,
544 3111 619 3175 equae
640 3091 732 3173 repeti
752 3092 811 3155 troc
827 3091 894 3155 loco
915 3089 987 3155 nibil
1001 3090 1116 3168 attinet,
1133 3092 1238 3158 deinde
1252 3102 1351 3158 autem

185 3191 283 3255 addit:
298 3187 338 3255 τὸ
360 3187 398 3256 de’
420 3184 580 3277 ἑπόμενοι
601 3187 767 3274 στιχίδιον
788 3186 840 3260 ἔτι
860 3190 986 3278 μᾶλλον
1006 3189 1076 3259 λύει
1096 3192 1155 3283 τήν
1176 3191 1349 3283 διαβολήν.

185 3295 218 3358 bl
234 3295 271 3359 ad
281 3315 359 3372 euna,
374 3297 424 3380 qui
437 3299 465 3360 in
477 3298 588 3362 nostris
599 3298 779 3362 editionibus
790 3298 932 3383 sequitur,
943 3299 1117 3364 rersicrdum
1129 3299 1276 3383 pertinere
1288 3320 1350 3364 nou

138 3411 169 3466 tt
191 3421 284 3482 posse
299 3401 484 3466 nrauilestum
496 3411 556 3466 cst:
569 3421 638 3468 nam
648 3402 719 3466 nibil
733 3413 779 3468 est
792 3403 822 3467 in
838 3404 906 3479 boc,
921 3401 1000 3485 quod
1016 3402 1249 3468 criminationem
1260 3405 1348 3469 istam
1418 3427 1421 3436 ’

103 3570 107 3576 ,
186 3505 299 3568 dduerc
319 3503 427 3586 possit:
447 3525 541 3590 seque
555 3507 648 3590 magis
664 3509 701 3572 ad
716 3507 852 3584 tertium,
867 3527 956 3589 quem
978 3497 1177 3594 ἀδιανόητον
1199 3519 1228 3572 et
1242 3508 1279 3572 ab
1293 3509 1352 3573 boc

185 3617 328 3672 contextu
341 3609 467 3690 ebenum
481 3631 548 3676 esse
562 3611 701 3676 vidimus.
734 3611 862 3676 Pertinet
877 3611 940 3677 sina
954 3611 1044 3678 dubio
1059 3613 1096 3677 ad
1110 3632 1191 3689 eum,
1206 3611 1256 3696 qui
1266 3630 1352 3702 uuuc

97 3763 99 3767 -
185 3724 311 3796 quartus
325 3722 381 3789 est,
698 3787 699 3790 Ἴ

251 3816 325 3902 ῥεῖα
346 3809 386 3882 δέ
404 3804 469 3881 adv
488 3810 664 3885 πλεόνεσσι
684 3811 788 3906 πόροι
808 3815 895 3899 zade
916 3809 1062 3886 ἄσπετοι
1083 3811 1263 3903 ὅλβοιθῐ),

187 3919 281 4004 quisi
295 3921 396 3986 statim
409 3921 514 4005 excipit
528 3922 609 3987 illum

258 4287 302 4352 dl)
320 4286 347 4341 lx
358 4287 430 4342 codd.
441 4289 499 4342 eliis
509 4290 559 4342 sot
567 4276 628 4342 eliis
638 4302 687 4342 ιιιν
697 4286 817 4368 scriptun
829 4293 880 4341 ext.
903 4285 1060 4342 Humanas
1072 4290 1097 4343 ia
1109 4285 1253 4344 Zimrrm
1265 4285 1353 4344 bluru.

187 4374 286 4446 antiqu.
302 4373 366 4427 teau
378 4392 401 4444 p.
414 4376 464 4427 577
475 4377 617 4445 proposuit:
629 4375 679 4448 plen
690 4373 726 4428 dt
735 4389 766 4428 ιιε
777 4374 827 4427 καί
836 4400 878 4428 -.
907 4373 967 4428 llili
978 4373 1043 4441 κᾶν,
1062 4377 1124 4430 licet
1134 4377 1167 4430 ab
1178 4375 1282 4429 llousri
1294 4389 1352 4428 sor·

187 4477 265 4520 noxe
274 4460 392 4530 alimen,
402 4459 434 4514 ela
445 4459 484 4514 bis
495 4461 625 4514 llesiodeix
637 4470 720 4516 umen
733 4477 782 4514 uon
798 4463 932 4514 emeato-
943 4462 1055 4520 ritem.
1077 4461 1117 4517 Gi.
1129 4478 1156 4518 r.
1169 4460 1230 4514 tat.
