3106 4958
725 475 767 540 m

651 563 849 574 ι-η-ιι-ι--ο-

233 653 392 746 κίβδηλον
411 652 569 744 είρίσκιον
588 655 673 742 βίον,

233 759 343 828 πολλὰ
364 757 423 844 μέν
445 758 478 827 έν
499 759 594 846 δουρί
615 759 730 842 τιθείς
751 755 879 845 ατίχένα,
904 763 1014 831 πολλὰ
1035 761 1069 831 δ’
1092 761 1127 831 έν
1146 763 1262 854 τροχῷ,

232 861 342 930 πολλὰ
363 861 402 929 de*
422 862 525 930 νῶτον
544 859 678 952 σκυτίνη
700 861 839 951 μάστιγι
861 864 1065 952 θωμιχθείς,
1087 861 1192 956 κόμην

232 961 377 1052 ποίγωνοί
397 959 431 1031 τ’
452 963 688 1051 ἐκτετιλμένος·

231 1067 286 1133 νῦν
307 1063 340 1134 δ’
363 1062 533 1153 ἐπιβαίνει
555 1067 720 1147 σατινέων,
742 1067 863 1155 χρίσεα
884 1067 1015 1159 φορέων
1035 1068 1233 1157 καθέρματα

233 1168 316 1250 raclii,⁸
338 1168 450 1258 Κύκης
458 1177 498 1252 ³),
521 1168 578 1237 καί
601 1167 797 1259 σκιαδίσκην
810 1167 1022 1262 ἐλεφαντίνην
1042 1172 1170 1262 φορέει,
1235 1209 1238 1216 ·

233 1269 379 1357 γυναιξίν
399 1267 506 1351 αίίτως
529 1268 701 1361 [ἕμφερης].

254 1376 375 1440 Unn'nis
389 1376 500 1441 incluse
511 1377 685 1453 addidimus,
700 1398 774 1460 quae
787 1379 905 1442 lacunas
920 1379 1108 1461 probabiliter
1121 1381 1237 1462 explere
1248 1381 1325 1444 ride·

168 1489 280 1543 rentur.
301 1471 427 1556 Αίίτως
438 1499 523 1542 uersu
535 1490 686 1562 postremo
699 1500 766 1544 cum
775 1490 955 1564 condemptu
966 1491 996 1544 et
1006 1482 1206 1564 indignatione
1217 1484 1323 1548 dietum

170 1582 357 1646 illustrabunt
371 1581 500 1664 exempla
514 1602 531 1645 a
546 1582 724 1647 llutturanno
740 1584 824 1647 citata
839 1585 967 1666 herilog.
981 1587 994 1650 l
1009 1606 1039 1669 p.
1055 1586 1106 1650 37.
1122 1587 1173 1656 38.
1203 1587 1323 1664 Qualem

168 1696 265 1751 nutem
281 1684 433 1750 hominem
449 1684 537 1748 istum
552 1687 741 1750 Artemonem
758 1686 849 1750 luisse
863 1688 1039 1769 putabimus,
1054 1697 1084 1754 et
1097 1708 1186 1771 quam
1202 1690 1241 1753 oh
1255 1709 1323 1754 mu·
1383 1767 1387 1776 .

167 1809 231 1854 sam
254 1783 480 1875 περιφόρητον
500 1787 633 1853 dictum?
669 1789 743 1853 Nam
758 1790 986 1866 Chamaeleonli,
1008 1791 1058 1873 qui
1077 1792 1136 1855 hoc
1155 1793 1194 1856 illi
1214 1811 1323 1874 cogun-

172 1901 304 1956 mentum
321 1891 446 1955 inditum
461 1911 527 1956 esse
541 1891 613 1955 dicit
627 1887 686 1954 διὰ
700 1887 740 1954 τὸ
753 1888 920 1976 τρυφερῶς
940 1888 1078 1974 eloim
1098 1891 1323 1982 περιφέρεθαι

170 1988 230 2058 ent
253 1986 377 2080 κλίνης,
401 1995 488 2058 noem
503 1992 604 2056 haberi
618 2003 694 2056 vetat
708 1992 876 2056 Welelrerus
896 1993 927 2056 in
941 2013 1065 2058 censura
1083 1996 1148 2059 libri
1163 1997 1323 2078 Berglriani,

166 2096 241 2160 llus.
256 2095 350 2158 llhen.
371 2113 430 2158 ann
453 2094 533 2158 1835
554 2095 624 2158 laec
643 2096 658 2155 1
676 2114 705 2176 p.
725 2094 797 2167 156,
817 2106 847 2158 ct
861 2095 1001 2176 Berpleius
1020 2117 1137 2180 quoque
1157 2118 1187 2180 p.
1211 2100 1270 2163 114
1288 2100 1325 2163 cle

38 2249 40 2254 ,
167 2199 286 2262 resitue
305 2195 505 2278 explicationis
520 2193 632 2260 dubitat
645 2205 814 2278 propterea,
829 2199 908 2280 quod
928 2199 965 2260 de
983 2199 1082 2263 lectica
1101 2200 1174 2264 nihil
1188 2211 1234 2265 est
1247 2201 1324 2284 apud

167 2303 393 2374 Anacreontem,
412 2298 464 2362 sed
483 2308 622 2380 carpenm
637 2299 757 2360 Artemo
778 2297 842 2361 vehi
862 2299 976 2362 dieitur.
1019 2301 1107 2364 Esset
1124 2303 1182 2365 hoc
1201 2305 1325 2367 leuasse

167 2402 284 2484 aliquid,
299 2401 324 2465 si
335 2401 480 2481 integrum
492 2419 620 2475 carmen,
635 2417 696 2463 non
708 2400 902 2480 fragmentum
917 2401 1106 2467 haberemus:
1126 2405 1233 2469 mirum
1248 2406 1325 2468 enim

167 2515 247 2569 esset
260 2504 323 2568 eius
337 2504 393 2582 rei,
413 2505 492 2568 unde
505 2521 670 2585 cognomen
684 2502 798 2568 homini
812 2504 927 2580 domm,
946 2505 1054 2569 nullam
1070 2527 1086 2570 a
1100 2518 1187 2589 poeta
1202 2509 1326 2572 mentio·

168 2626 237 2670 nem
251 2608 328 2685 lieri;
343 2625 424 2672 nunc
437 2617 535 2671 autem
550 2606 620 2690 quid
635 2605 766 2689 impedit,
780 2607 940 2690 quominus
955 2607 1209 2675 Chamaeleontem
1225 2631 1325 2675 rernm

115 2761 116 2764 η
168 2711 264 2776 (licere
278 2711 365 2793 idque
380 2720 431 2775 eut
444 2731 479 2774 ex
493 2709 551 2774 hoc
565 2709 631 2792 ipse
646 2709 840 2773 Anacreontis
856 2711 997 2787 carmine,
1011 2711 1126 2794 integro
1141 2714 1262 2789 scilieet,
1276 2724 1327 2778 aut

167 2833 204 2878 er
223 2814 286 2878 aliis
305 2813 464 2896 deperditis
483 2813 514 2876 in
534 2812 659 2876 eundem
679 2813 867 2876 Artemonem
887 2814 1005 2897 scriptis
1025 2816 1200 2897 cognouisse
1220 2817 1323 2881 ereda·
1342 2831 1372 2884 tt

167 2915 258 2980 musi
280 2916 339 2981 nisi
354 2917 430 2980 lorte
443 2915 493 2998 qui
507 2916 679 2998 plerumque
692 2913 793 2978 lectica
809 2915 915 2997 gestari
930 2918 1050 2993 soleret,
1070 2937 1138 2982 eum
1153 2939 1215 2985 non
1228 2920 1324 2996 etiarn,

167 3019 218 3084 uld
243 3037 291 3083 res
316 3020 418 3096 ferret,
444 3027 583 3101 carpento
606 3015 671 3080 vehi
697 3016 831 3098 potuisse
852 3017 1023 3083 iudicamus.
1065 3020 1158 3086 hlaior
1179 3033 1257 3086 certe
1281 3032 1327 3086 est

168 3122 415 3200 Chamaeleontis,
435 3122 486 3205 qui
505 3121 572 3185 data
590 3137 680 3202 opera
698 3119 735 3182 de
752 3120 943 3185 Anacreontis
961 3123 1018 3186 rita
1036 3133 1065 3186 et
1083 3125 1201 3208 scriptis
1220 3135 1326 3208 egerat,

167 3244 255 3307 quam
274 3225 454 3289 Scholiastnc
476 3223 577 3288 nasio
602 3222 685 3286 cuius
703 3221 876 3300 auctoritas,
899 3222 949 3305 qui
973 3225 1010 3288 ed
1029 3227 1179 3312 Aristoph.
1202 3229 1326 3293 Acharn.

167 3347 194 3392 ν.
215 3327 277 3392 815
302 3320 527 3416 περιφόρητον
542 3317 733 3412 Ἀρτέμωνα
752 3325 783 3389 iu
805 3325 962 3409 prouerbio
982 3328 1093 3393 diuum
1112 3349 1179 3395 eese
1196 3340 1329 3396 autumat

168 3422 230 3494 ἐπὶ
251 3425 352 3495 καλοῦ
373 3425 432 3494 καὶ
454 3422 686 3515 ἁρπαζομένοο
712 3424 800 3515 πρὸς
820 3421 954 3494 πόντων
974 3425 1111 3510 παιδός.
1155 3435 1188 3499 1ο
1207 3451 1328 3518 prover·

168 3531 251 3596 bium
269 3531 438 3597 Artemonis
457 3551 568 3596 nomen
586 3531 695 3596 abiisse
713 3531 795 3596 lacile
813 3533 915 3610 eredo,
933 3532 1022 3616 idque
1041 3535 1068 3600 is
1087 3535 1167 3619 ipse,
1185 3539 1222 3602 ed
1241 3557 1329 3622 quern

170 3635 243 3700 haec
261 3633 392 3718 scripsit,
417 3635 622 3719 Aristophanis
647 3633 731 3700 locus
752 3636 839 3700 iidem
858 3636 940 3712 lacit,
967 3638 1117 3704 Cratinum
1138 3641 1187 3705 illo
1206 3643 1329 3707 nominc

50 3757 54 3764 ’
169 3739 332 3822 appellans3
347 3738 400 3802 sed
410 3739 446 3802 de
456 3738 587 3822 pulchris
598 3738 708 3821 pueris,
723 3757 800 3820 quos
811 3757 916 3804 omnes
928 3751 1095 3822 expeterent
1105 3744 1182 3807 etad
1195 3765 1229 3808 se
1242 3763 1329 3828 rape·

169 3851 249 3914 rent,
268 3840 338 3904 illud
359 3850 532 3924 usurpatum
552 3861 619 3903 esse
633 3859 728 3922 neque
748 3850 870 3922 propter
882 3841 1109 3925 Aristophanem
1125 3837 1261 3910 credibile
1275 3857 1329 3924 est,

168 3943 218 4026 qui
233 3942 383 4008 &aunum
397 3943 485 4008 nohis
500 3962 562 4008 non
582 3961 653 4006 sane
667 3943 824 4024 pulchrum
838 3953 869 4007 et
886 3944 1045 4024 expetitum
1060 3958 1184 4030 propter
1197 3949 1329 4032 pulchri·

168 4043 299 4109 tudinem
313 4047 463 4127 proponit,
476 4064 572 4129 neque
584 4038 830 4132 περιφορήτοος
848 4047 907 4110 hcc
919 4065 1011 4111 sensu
1025 4048 1120 4113 dictos
1133 4069 1200 4115 eoae
1214 4052 1331 4118 aliunde

168 4146 315 4224 norimus,
327 4155 378 4211 aut
391 4147 448 4212 dici
462 4147 597 4232 potuisse
615 4147 841 4227 arbitramert).
872 4149 961 4225 Quod
971 4161 1071 4216 autern
1084 4153 1122 4218 da
1135 4153 1255 4222 duobus
1268 4156 1330 4222 ro-

237 4391 264 4456 t>
280 4391 406 4459 Praestat,
418 4391 515 4461 opinor,
526 4407 582 4446 ιιι
594 4391 735 4446 hemmae
746 4393 833 4460 legere
845 4397 915 4454 καῖε
925 4388 942 4448 ὁ
953 4390 1056 4466 xime.

236 4477 262 4548 t)
280 4477 438 4533 Prehehdioe
448 4485 491 4534 eet
505 4477 612 4534 alterins
626 4479 784 4534 motusue
799 4481 949 4552 explicatio,
965 4481 1169 4562 κολοφόρητοτ
1185 4503 1246 4544 esee
1256 4502 1324 4560 οτι,
