3078 4954
730 447 868 550 ed„

187 637 238 699 sed
255 634 327 716 ipsis
342 633 391 715 qui
407 632 591 716 deliquerunt
604 637 749 718 apparuit
778 637 923 722 Loquitur
934 639 1012 704 enim
1028 642 1137 708 cborrn
1153 647 1189 709 de
1200 646 1305 710 Paride
1321 658 1350 712 et

188 737 337 801 Troianis:
354 737 410 798 laos
426 735 502 800 loris
518 737 673 803 uindictam
688 753 827 822 expertos
842 763 922 820 esse,
936 743 1104 828 horumque
1118 750 1251 832 exemplo
1267 761 1349 833 pate·

188 840 261 914 lieri,
281 859 343 903 non
363 839 506 922 impunita
527 861 594 904 osse
614 842 770 908 bominum
791 847 866 909 male
885 848 968 910 lacta.
999 846 1097 930 ltaque
1114 850 1229 914 etiamsi
1250 873 1349 916 rerum

187 953 240 1018 est,
254 943 399 1006 maiorum
415 943 517 1007 delicta
533 963 746 1028 saepenumero
762 949 917 1029 apostoris
933 949 1053 1014 demum
1068 953 1118 1026 lui,
1134 954 1278 1017 tamenin
1294 957 1352 1018 boc
1458 973 1461 980 ’

188 1055 325 1108 contextu
341 1049 416 1110 banc
430 1047 605 1110 sententium
620 1066 680 1111 nou
697 1059 798 1133 aptam
813 1071 880 1114 esse
901 1063 1031 1136 apparet
1060 1054 1170 1118 Deinde
1188 1057 1268 1120 lraud
1288 1057 1351 1120 scio

189 1167 275 1229 quam
297 1158 375 1212 rectu
395 1149 463 1214 illud
483 1139 564 1236 ’Ἀρρ
588 1145 754 1216 πνεόντων
774 1153 811 1217 de
830 1155 934 1220 Paride
955 1165 1043 1239 atque
1059 1157 1196 1221 Troianis
1217 1159 1273 1221 dici
1293 1178 1351 1240 po·

189 1253 284 1315 tuerit
315 1253 389 1316 bane
405 1255 547 1317 llartem
564 1254 704 1336 spirare
719 1255 869 1334 dicuntur,
885 1259 935 1340 qui
951 1259 1059 1322 ierocia
1074 1270 1125 1324 eut
1139 1261 1208 1325 odiu
1224 1261 1351 1343 instigati

189 1355 246 1416 rim
266 1363 296 1416 et
314 1375 395 1418 arnna
414 1366 548 1438 spectant
566 1357 690 1440 bellique
709 1367 739 1422 et
758 1361 951 1426 certaminum
971 1363 1069 1446 cupidi
1092 1373 1161 1426 suut
1180 1373 1208 1427 ct
1235 1365 1351 1428 hostilia

191 1466 371 1536 pemetrant,
402 1459 651 1539 quaemadmodum
676 1461 749 1524 inira
770 1482 796 1524 υ.
826 1463 907 1527 1194
935 1465 1194 1546 Clytaemnestram
1222 1466 1352 1530 uidemus

190 1547 361 1622 άσντονδον
372 1549 454 1648 ’Ἇρρ
477 1553 592 1647 φίλοις
607 1557 788 1642 uedeo-uem
804 1564 917 1628 l'aridis
932 1575 1029 1630 autem
1044 1577 1074 1630 ct
1088 1568 1285 1632 Troianorum
1301 1567 1353 1630 de·

190 1659 290 1724 lictum
310 1679 372 1724 uon
393 1682 428 1726 ex
450 1662 624 1730 tali'lerocia
644 1676 695 1730 aut
716 1667 786 1731 odio
802 1677 903 1733 uatum
919 1679 994 1744 erat,
1015 1669 1067 1733 sed
1083 1689 1117 1733 ex
1135 1671 1210 1734 illius
1224 1669 1353 1746 libidine,

190 1765 296 1829 horum
323 1765 412 1828 nimia
438 1768 605 1846 securitate,
631 1789 719 1852 quam
739 1771 877 1836 diuturna
897 1773 1016 1836 [elicitus
1036 1793 1186 1856 opumque
1206 1771 1354 1838 aiduentia

191 1879 356 1950 peperemt,
388 1863 556 1954 φλεόντων
582 1867 744 1954 δωμάτων
770 1865 933 1963 ότιέριμιυ,
958 1885 990 1938 ut
1014 1885 1060 1940 est
1084 1895 1110 1940 ι.
1138 1877 1209 1940 tut.
1254 1875 1354 1958 ltaque

192 1981 268 2034 recte
290 1972 444 2054 enepotius
456 1963 539 2060 ’Ἀρρ
561 1975 597 2037 nb
616 1975 759 2040 hocloco
779 1977 905 2042 alienum
924 1999 990 2042 essu
1010 1978 1160 2052 intellexit,
1179 1977 1355 2059 scripsitque

193 2065 270 2156 cipri,
286 2093 346 2157 quo
366 2076 506 2140 uocabulo
526 2088 645 2160 receptu
671 2077 728 2142 iam
748 2089 850 2161 aptum
865 2080 1009 2144 habemus
1028 2081 1238 2145 enundationis
1253 2079 1355 2143 subie-

194 2187 287 2240 ctum:
304 2173 474 2263 πέφανται
486 2169 566 2262 άρά,
585 2181 754 2262 apparuit
767 2183 968 2263 pernicies:
988 2201 1047 2264 quo
1068 2201 1157 2245 sensu
1176 2183 1207 2244 id
1226 2181 1354 2245 vocabu-

194 2280 254 2341 lum
269 2297 331 2342 nun
346 2281 443 2342 submi
459 2281 495 2342 ab
506 2282 596 2362 epicis
612 2283 663 2346 sed
676 2283 763 2346 etiarn
774 2285 811 2346 ab
824 2285 967 2365 descbylo
979 2292 1138 2366 usurpatur
1150 2283 1252 2365 Suppl.
1265 2302 1291 2345 ν.
1304 2283 1354 2346 76.
1458 2273 1460 2278 ’

194 2382 295 2445 llerito
311 2383 386 2446 liano
400 2383 485 2445 amici
500 2385 735 2448 emendationem
747 2385 882 2467 probauit
895 2385 1086 2450 doctissimus
1098 2385 1310 2466 bambergerus
1325 2385 1355 2446 iu

193 2495 410 2566 programmate
425 2505 521 2568 gymu.
538 2487 691 2552 lirunucic.
706 2507 733 2550 a.
748 2489 828 2553 1835
841 2488 918 2552 odito
934 2507 964 2571 p.
981 2489 1028 2562 ld,
1043 2487 1178 2570 idemque
1190 2506 1245 2570 pro
1261 2479 1356 2570 ἐγγό-

193 2609 267 2665 νους
281 2607 343 2652 non
359 2581 516 2671 ἐκγόνοις.
532 2589 611 2670 quod
628 2601 750 2673 propter
764 2611 827 2655 cam
840 2609 928 2672 (poam
943 2590 1067 2672 exposui
1079 2589 1226 2653 rationem
1243 2589 1355 2670 impro-

193 2691 323 2753 bandum
338 2701 392 2765 est,
406 2691 458 2754 sed
473 2682 605 2774 ἔκγονος
616 2695 719 2775 reponi
734 2693 833 2765 voluit,
850 2702 882 2756 ut
896 2692 1009 2756 dicatur
1022 2691 1166 2774 pernicies
1178 2691 1252 2755 male
1264 2693 1357 2753 iacto-

193 2813 258 2871 nuo
275 2785 494 2880 (donipep'rue)
510 2796 676 2877 progenies.
707 2795 807 2879 Neque
828 2814 900 2859 sane
918 2794 1109 2876 vituperanda
1128 2802 1175 2856 est
1192 2795 1265 2856 baec
1284 2809 1357 2854 cou-

194 2896 316 2972 ieetura,
336 2897 388 2960 uod
410 2897 592 2978 probabilius
619 2909 716 2962 tanuen
742 2908 772 2962 et
798 2899 895 2961 minus
920 2897 1008 2960 etiam
1029 2915 1044 2957 a
1066 2895 1207 2958 librorum
1233 2894 1358 2958 lectione

195 3000 309 3062 elistans
323 3009 369 3062 est
386 2993 481 3082 ἕγγδς
503 2985 583 3076 οι’·σ’,
607 3003 685 3064 unde
700 3020 789 3083 quam
804 2999 886 3063 facila
900 2991 1053 3081 ἐγγόνους
1074 2997 1136 3061 deri
1152 2997 1281 3079 potuerit
1295 2998 1359 3079 ipse

197 3104 438 3184 aspectusducet.
459 3107 553 3185 sitque
568 3103 710 3167 luebumus
726 3103 770 3165 sic
784 3101 870 3164 etiarn
886 3101 1094 3165 accuratiorem
1108 3117 1301 3164 numerorum
1309 3119 1359 3162 ee-

196 3203 408 3285 quabilitateur:
420 3223 488 3268 nana
504 3205 735 3288 antistropbirus
747 3222 866 3286 quoque
876 3221 980 3266 versus
992 3197 1289 3287 375,μελαμτταγῆς
1299 3196 1360 3266 πέ-

198 3303 260 3384 λει,
269 3307 424 3388 ἰιιΙοιιροιιι
433 3309 570 3390 syllabam
579 3307 651 3386 eait3
665 3323 790 3388 eamque
804 3325 866 3370 rem
882 3305 910 3368 iu
920 3305 1063 3388 besrbylo
1075 3305 1152 3368 luaud
1161 3305 1242 3388 parvi
1251 3305 1359 3370 lacien-

198 3411 264 3474 dam
280 3431 347 3477 esse
361 3411 446 3496 periti
460 3409 566 3474 sciunt.

283 3517 384 3596 Longe
405 3514 628 3596 corruptissimo
648 3523 745 3578 autern
765 3524 794 3576 et
814 3513 899 3595 plane
917 3529 973 3595 pro
993 3511 1145 3594 desperata
1165 3510 1297 3574 lnbenda
1317 3522 1363 3576 est

198 3619 330 3682 eiusdem
346 3617 458 3682 stasimi
474 3619 596 3700 strupba
612 3617 740 3680 secunda
756 3637 782 3679 r.
803 3615 875 3680 394.
920 3615 978 3680 Sed
998 3615 1034 3678 dc
1055 3615 1110 3679 bac
1124 3623 1282 3696 antequam
1298 3615 1359 3679 dis·

198 3733 285 3803 puto,
312 3721 349 3785 de
373 3721 558 3803 antistropha
581 3720 737 3785 ridendum
763 3728 826 3794 est,
853 3737 939 3801 quae,
965 3737 1143 3800 quanaquam
1163 3717 1275 3798 etipsa
1300 3736 1363 3781 nun

165 3829 178 3844 '
200 3827 383 3910 incorrupta,
399 3826 497 3909 paullo
513 3823 667 3888 certiorem
683 3834 780 3888 tamen
796 3821 974 3886 medicinam
989 3821 1142 3885 admittere
1156 3819 1277 3882 ridetur.
1306 3819 1362 3883 Le-

200 3943 309 4014 guntur
323 3929 361 3993 ibi
377 3951 403 3993 ι.
419 3931 482 3994 did
498 3929 528 3992 in
544 3927 696 3991 codicibus
712 3929 797 3991 baec:
817 3921 857 3988 τό
879 3920 950 3987 πάν
971 3913 1004 3986 δ’
1027 3913 1085 4010 ἀφ’
1103 3912 1262 3997 Ἑλλάδος
1284 3913 1364 4000 σόος

201 4025 411 4117 συνορμένοις
430 4025 577 4096 πένθεια
590 4023 828 4116 τλησικάρδιος
842 4019 955 4108 δάμιον
968 4017 1109 4090 ἑκάστου
1125 4017 1260 4106 πρέπει.
1288 4043 1363 4106 quae

202 4136 251 4218 qui
266 4135 457 4218 scripserunt,
472 4127 683 4218 συνορμένοις
696 4132 775 4195 baud
790 4131 878 4194 dubie
891 4128 983 4212 accipi
995 4129 1150 4193 uoluerunt
1164 4127 1201 4190 do
1215 4127 1266 4206 iis,
1283 4128 1333 4210 qui
1347 4149 1364 4190 e

205 4239 323 4300 Graecia
344 4237 373 4300 iu
393 4237 499 4300 belluam
519 4235 644 4319 proiecti
659 4243 770 4298 essem.
814 4233 864 4296 Sic
878 4231 1064 4296 scholiastes:
1079 4225 1146 4295 τῶν
1160 4223 1365 4315 συνηγμένων

206 4333 277 4404 άπὸ
296 4333 356 4422 τῆς
371 4331 530 4416 Ἑλλάδος
551 4331 708 4402 ἁπάντων
728 4335 800 4414 τοῖς
814 4325 925 4412 οἴκοις
946 4325 1090 4422 όδυνρρά
1104 4326 1273 4419 arde-dapum
1287 4328 1364 4394 δια-

205 4437 345 4529 πράττειι
359 4459 455 4523 neuun
468 4441 551 4506 aliter
564 4443 753 4520 recentiores,
766 4437 1029 4514 relutlilaeuenius,
1040 4437 1090 4521 qui
1104 4437 1203 4502 vertit:
1219 4433 1364 4499 omuino
