3078 4954
728 465 788 566 19⁸

178 669 286 720 veteres
305 657 341 718 ml
362 655 496 718 virtutem
517 655 655 736 quemad
672 654 747 736 ignis
762 655 927 738 artiumque
947 654 1144 718 inventionem
1161 658 1223 721 sola
1239 666 1342 720 notura

177 772 204 822 ct
218 759 331 823 ratione
346 756 420 821 duee
434 757 579 840 perveniri
592 757 726 840 potuisse
741 759 937 834 crediderunt,
953 766 985 822 ut
999 759 1036 822 ad
1051 760 1123 821 baec
1134 759 1251 839 quidem
1264 779 1342 842 opus

177 861 262 925 luerit
287 861 386 924 divino
412 861 539 942 quodam
567 870 769 944 praeceptore,
795 863 830 925 ad
858 862 933 924 illam
961 861 1025 944 ipsa
1044 870 1148 925 natura
1175 861 1343 925 suffecerit?

177 966 345 1031 llemranno
371 965 487 1046 peridem
514 966 552 1028 ita
575 965 665 1028 sideri
690 983 810 1028 neeesse
836 973 895 1028 est:
922 964 1050 1047 alioquin
1077 964 1152 1046 ignis
1178 964 1344 1045 artiumque

176 1077 409 1132 monstratorem
422 1069 631 1132 Prometheum
644 1087 705 1130 oon
717 1068 810 1150 magis
823 1070 925 1144 ierret,
941 1088 1029 1151 qoam
1042 1067 1158 1132 virtutis
1170 1088 1204 1130 ac
1216 1085 1343 1130 morum.

177 1171 250 1233 liam
263 1172 360 1254 ignem
377 1171 446 1253 quid
462 1191 538 1254 optim
550 1172 604 1234 init
619 1192 635 1235 a
651 1171 828 1235 Prometbeo
845 1171 951 1246 nllcrri,
967 1191 1054 1253 quem
1067 1180 1192 1254 possent
1207 1169 1343 1234 immines

176 1275 220 1337 vel
247 1276 367 1340 fulmine
392 1276 519 1339 incensis
545 1275 761 1352 arboribus¹⁰)
780 1275 825 1338 rel
850 1274 1057 1358 alioquolibet
1084 1275 1174 1337 ruodo
1191 1272 1344 1337 nancisci?

177 1388 254 1440 artes
269 1388 367 1442 autern
383 1379 454 1461 quid
466 1378 609 1442 attinebat
619 1379 656 1440 ab
672 1379 719 1440 ilio
735 1378 903 1451 monstrari,
921 1397 1045 1460 quarum
1057 1377 1166 1442 nullam
1183 1395 1245 1439 non
1259 1376 1344 1458 proul-

177 1480 258 1543 btim
279 1481 469 1554 „meditando
489 1481 650 1544 extundere
668 1488 760 1544 nsus¹
775 1483 823 1557 1)“
842 1491 872 1543 et
894 1481 1053 1544 necessitas
1072 1478 1262 1564 potuissent?
1310 1480 1346 1542 Et

177 1593 276 1646 umen
299 1585 372 1646 baec
389 1583 551 1666 Aeschylus
575 1602 637 1647 nern
661 1583 698 1646 ab
718 1583 889 1646 bominibus
914 1583 1030 1647 ins-enta
1053 1585 1104 1646 sed
1130 1582 1344 1646 ol‘remetbeo

178 1686 243 1749 dote
259 1705 325 1748 esse
345 1684 448 1749 soluit:
469 1686 578 1750 scilieet
594 1705 728 1749 maneam
742 1697 771 1748 et
785 1686 909 1749 debilem
930 1696 1010 1749 ratus
1026 1687 1184 1749 humanam
1201 1685 1344 1748 rationem

178 1788 343 1870 auxilioque
367 1789 537 1851 coelestium
563 1777 682 1871 semper
705 1797 849 1869 egentem.
898 1788 1011 1851 Eodem
1032 1789 1118 1870 igitur
1137 1789 1227 1851 modo
1249 1787 1348 1850 inesse

178 1892 298 1973 quidem
319 1891 348 1953 in
374 1891 546 1954 bominibus
572 1902 684 1953 veteres
711 1890 906 1970 intelligebant
933 1890 1055 1953 rationis
1082 1891 1246 1954 nectutem
1272 1909 1347 1962 eant,

180 1995 289 2076 quoad
305 1993 440 2056 virtutem
456 2012 491 2056 ao
505 1993 678 2074 sapientiem
694 1993 762 2055 eniti
778 2001 921 2073 possent3
945 1991 997 2054 sed
1019 1992 1096 2054 banc
1110 2011 1228 2074 quoque
1247 2011 1300 2074 per
1314 2012 1347 2054 se

181 2097 275 2160 sclam
291 2113 425 2159 mancam
440 2104 469 2158 et
484 2094 606 2157 debilem
622 2113 690 2156 esse
705 2095 877 2168 credebant,
891 2113 964 2175 quae
979 2093 1097 2156 excitari
1112 2094 1208 2174 alique
1223 2092 1346 2157 deorum

181 2199 287 2262 auxilio
304 2198 431 2261 deberet.
475 2198 575 2277 ltaque
590 2215 709 2259 omnem
724 2197 875 2272 virtutem,
890 2213 1010 2260 omnem
1027 2196 1210 2278 sapientiem,
1226 2215 1347 2260 omnem

181 2321 299 2365 morum
316 2299 492 2383 probitatem
508 2309 537 2362 et
550 2299 750 2374 honestatem,
766 2299 899 2382 quemvis
918 2309 1020 2362 natura
1036 2299 1101 2362 lacti
1116 2299 1153 2362 ad
1168 2319 1232 2362 eam
1247 2299 1347 2362 bomi-

183 2424 234 2467 nes
253 2413 283 2466 et
302 2401 489 2485 praelormoti
508 2410 623 2476 essent,
643 2403 802 2465 emersisse
821 2414 919 2466 temen
940 2402 1022 2464 initio
1037 2411 1068 2463 et
1088 2402 1183 2483 magis
1197 2401 1347 2483 patdlatim

182 2509 339 2589 perlectam
354 2521 499 2567 essenon
514 2505 579 2566 sine
594 2503 650 2566 diis
664 2503 838 2567 iudicabunt
881 2505 942 2567 Diis
958 2502 1128 2567 auctoribus
1144 2504 1174 2567 in
1190 2504 1347 2568 societates

183 2609 271 2682 coire,
286 2607 416 2670 civitates
432 2606 559 2670 condere
574 2605 703 2688 iurisque
721 2626 757 2670 ae
770 2607 866 2687 legum
882 2606 1007 2688 imperio
1028 2625 1130 2689 perere
1150 2607 1288 2670 homines
1302 2607 1348 2670 di·

183 2711 289 2774 dieisse
301 2717 308 2754 ¹
321 2716 367 2787 ²t:
383 2709 507 2772 deorum
523 2709 667 2772 benebcio
682 2709 754 2784 beri,
770 2710 796 2772 si
812 2709 878 2792 quis
894 2709 983 2772 animi
999 2709 1087 2773 benis
1103 2718 1220 2792 praeter
1234 2717 1348 2773 eeteros

182 2815 345 2885 excelleret,
359 2831 459 2893 regere
474 2812 622 2894 sapienter
636 2813 795 2893 populum,
810 2812 941 2894 exempla
956 2813 1044 2875 edere
1059 2811 1254 2887 tortitudinis,
1273 2821 1349 2884 tem7

183 2917 340 2999 perantiae,
356 2915 482 2978 iustitiae
494 2924 597 2998 posset
609 2921 616 2958 ¹
629 2918 673 2992 ⁸):
685 2915 812 2994 denique
823 2915 896 2978 deos
908 2915 1075 2978 exorandos
1086 2932 1164 2993 esse,
1179 2933 1240 2977 oon
1253 2914 1349 2977 solum

183 3030 216 3084 ut
229 3021 317 3084 uitam
332 3029 362 3082 et
376 3038 461 3100 opes,
475 3019 527 3080 sed
540 3028 571 3080 ut
586 3008 808 3103 είαρμοστίαν
818 3028 906 3100 atque
917 3009 1102 3100 celenderitis
1114 3017 1205 3081 animi
1219 3016 1351 3081 homini-

184 3124 240 3186 bus
254 3121 449 3203 impertirent,
464 3121 682 3201 tribuercotque
696 3115 811 3196 καλοῖς
825 3113 984 3203 γενίσοαι
998 3111 1163 3185 edvddoer
1174 3127 1182 3164 ¹
1194 3123 1240 3198 li:
1256 3140 1351 3205 quon·

187 3225 357 3307 doquidem,
371 3233 404 3287 ut
417 3223 456 3287 nit
471 3223 563 3297 Plato,
579 3222 655 3285 nulla
671 3223 763 3287 virtus
778 3224 810 3287 in
824 3222 946 3287 bomine
960 3223 1018 3288 nisi
1033 3215 1117 3310 θείᾳ
1137 3215 1241 3312 μοίρᾳ
1255 3245 1351 3289 emer·
1385 3281 1387 3288 s

141 3341 171 3394 tt
188 3329 242 3410 pit,
263 3345 351 3410 quam
372 3325 548 3388 sententiam
574 3325 702 3388 lustinus
721 3327 890 3408 bloetyr¹⁸i
910 3327 972 3390 noir
996 3325 1094 3408 inepte
1113 3336 1265 3409 comparat
1283 3347 1351 3392 eum
1394 3399 1395 3402 Ἴ

258 3557 300 3618 10)
312 3555 415 3608 Lueret
427 3553 457 3620 V,
473 3551 538 3604 1000
550 3567 604 3620 sqq.

258 3655 299 3719 11)
316 3653 415 3720 Vergil.
428 3651 521 3718 deors.
535 3648 552 3716 l,
568 3651 624 3704 100.

192 3771 195 3775 ’
259 3755 299 3821 12)
318 3751 357 3808 ct.
368 3754 445 3824 Sopb.
458 3752 522 3806 oet.
535 3751 564 3804 ll.
577 3767 602 3804 ι’.
615 3751 665 3803 800
682 3766 736 3820 sqq.
754 3749 820 3805 rue.
834 3751 911 3819 lagg.
929 3751 938 3804 l
954 3753 987 3806 ln.
1002 3752 1060 3823 ibiq.
1074 3755 1131 3806 nst
1144 3770 1169 3823 p.
1181 3753 1206 3806 0.
1222 3751 1351 3806 nemeen.

187 3859 226 3895 se.
237 3849 285 3894 etr.
301 3841 427 3894 Aristocr.
448 3840 464 3907 ς
481 3839 521 3891 10.
535 3839 638 3891 iliodor.
654 3837 673 3906 l,
689 3838 731 3891 st
748 3837 832 3892 Str-ab.
851 3838 886 3903 X,
904 3856 927 3908 p.
944 3839 1005 3894 482.
1016 3839 1122 3895 Ansut.
1138 3837 1352 3906 unumpate.

188 3929 265 3980 cleu.
281 3926 356 3980 Alex.
373 3926 466 3979 Stes·-
485 3923 502 3987 l,
519 3923 561 3990 26,
581 3923 637 3978 170.
672 3924 786 3978 Platnar.
806 3935 859 3979 oet.
876 3927 924 3979 ier.
942 3934 970 3980 et
989 3925 1049 3978 lust.
1066 3941 1101 3978 ex
1118 3925 1189 4010 1Ιοι.
1204 3933 1233 3978 et
1250 3923 1353 3977 Hesiodi

189 4028 264 4065 een.
276 4029 300 4081 p.
312 4011 346 4064 02
358 4029 412 4082 sqq.
449 4009 622 4064 Waebsnutl.
634 4011 769 4080 Antiquitt
781 4010 801 4074 l,
815 4012 826 4065 1
841 4028 866 4080 p.
877 4011 909 4064 81
922 4021 951 4065 et
962 4010 992 4080 ll,
1004 4027 1029 4080 p.
1045 4011 1093 4064 11³
1105 4013 1144 4064 ed.
1158 4013 1182 4064 2.

260 4111 300 4176 10)
320 4110 388 4163 rtet.
401 4109 486 4163 lstbm.
497 4109 539 4178 lll,
550 4111 577 4164 tt.
596 4111 637 4165 01.
649 4110 683 4176 X,
698 4111 738 4163 to.
761 4108 806 4180 nt,
819 4109 861 4162 00.
881 4110 913 4174 V,
927 4112 967 4164 11.
991 4110 1111 4164 dimouit.
1122 4126 1163 4179 ap.
1175 4111 1240 4166 Plat.
1250 4113 1353 4179 Proles.

192 4213 215 4264 p.
228 4194 287 4248 000.
1156 4222 1160 4232 ·

261 4295 301 4357 11)
320 4293 504 4432 Plaphi’baedr.
523 4313 546 4364 p.
559 4296 609 4348 210
621 4297 648 4349 li.
672 4295 706 4350 ei.
718 4295 882 4348 (11ηΑΙωι.
896 4295 989 4349 strom.
1001 4295 1032 4364 ll,
1044 4297 1069 4366 0,
1081 4297 1123 4351 22.
1148 4299 1219 4354 rtet.
1232 4298 1274 4351 01.
1282 4295 1352 4360 Χ111,

196 4379 251 4432 110.
276 4379 348 4448 t’ptt.
397 4381 459 4445 ,00.

264 4464 304 4528 10)
322 4461 423 4518 Cebert
434 4466 466 4518 ed
477 4475 547 4532 μαι.
558 4483 581 4522 e.
594 4468 636 4536 02,
647 4477 708 4524 ton.
724 4470 747 4523 l.
759 4487 783 4539 p.
795 4468 829 4521 02
841 4468 882 4520 ed.
895 4468 949 4522 titt
