3078 4954
635 415 836 518 ...su-

157 601 274 684 intelligi
289 601 325 667 ab
340 602 376 668 iis
392 603 558 688 cupiebam,
578 603 628 687 qui
643 602 743 690 eadem
758 603 869 684 pariter
882 602 986 668 imbuti
1000 613 1115 670 essent:
1136 607 1324 670 eomundus

156 714 254 770 autem
269 705 341 770 mihi
355 717 417 772 erat
431 716 533 790 poeta,
553 706 687 770 ethnicus
708 706 826 788 quidem
842 707 901 783 ille,
913 708 964 771 sed
980 707 1011 771 in
1024 709 1125 772 multis
1141 717 1242 772 tamen
1258 728 1324 772 rna·

158 809 281 893 quisque
294 808 383 874 rebus
393 809 551 874 nonnimis
567 821 645 873 certe
659 828 727 874 cum
742 809 797 872 hac
811 809 961 892 disciplina
981 811 1169 888 discordans,
1188 812 1324 896 quamvis

157 931 204 988 ea,
225 932 298 995 quac
313 915 450 988 sentiret,
465 915 562 978 torma
577 911 738 977 admodum
755 912 892 976 dissimili
911 914 1063 997 multoque
1083 915 1183 978 minus
1202 918 1240 980 ad
1260 936 1322 980 rem

154 1017 377 1080 accommodata
391 1016 532 1081 induens:
546 1035 620 1100 quae
635 1018 794 1080 lonuarum
809 1016 1003 1100 discrepantia
1015 1036 1106 1100 quum
1116 1019 1194 1102 apud
1205 1021 1323 1102 pleros·
1362 1037 1364 1041 ·

156 1130 303 1203 querceto
318 1139 417 1185 rerum
432 1120 588 1185 intellectui
602 1119 674 1184 adeo
690 1119 851 1196 ollecisset,
869 1128 903 1184 ut
917 1139 992 1202 quae
1008 1122 1112 1186 iorrnis
1131 1122 1322 1200 dissiderent,

157 1223 244 1288 etiam
259 1243 363 1306 reapse
376 1242 501 1307 prorsus
516 1223 630 1288 diversa
642 1243 708 1288 esse
722 1225 885 1301 crederent,
900 1242 961 1288 oon
976 1243 1049 1290 sane
1063 1226 1226 1290 ellecisscm
1241 1229 1322 1310 quod
1451 1249 1453 1256 ’

156 1327 300 1403 solebam,
315 1327 373 1392 nisi
387 1346 449 1392 rem
466 1327 519 1404 ita,
538 1337 569 1394 ut
583 1330 704 1410 agnosci
723 1328 760 1392 ab
775 1329 913 1394 omnibus
929 1339 1046 1412 posset,
1062 1331 1121 1395 hoc
1139 1339 1184 1395 est
1202 1343 1321 1395 esutm

157 1433 251 1497 lorma
266 1431 384 1496 ethnico
400 1441 503 1514 poetae
519 1431 648 1516 propria,
662 1432 774 1516 aliaque
788 1433 824 1496 ad
839 1442 1012 1498 nostromm
1025 1435 1182 1499 hominum
1199 1445 1320 1520 mptum

154 1535 421 1602 accommodatione
441 1533 572 1602 indutam
594 1537 829 1622 proposuissem.
871 1536 944 1602 Nam
964 1537 1044 1619 quod
1060 1537 1246 1604 llenuaoous
1270 1560 1319 1606 mc

155 1660 185 1726 p.
204 1642 243 1706 ll)
257 1640 342 1725 quasi
356 1659 478 1705 euocare
493 1641 626 1726 Aeschyli
641 1660 742 1706 manos
757 1650 786 1706 et
801 1639 928 1706 uiolento
943 1641 1118 1725 baptismata
1131 1643 1317 1710 Christianos

156 1748 250 1811 lacere
264 1753 411 1810 autumat:
431 1762 493 1809 non
509 1763 632 1810 morenr
651 1745 776 1822 lacellis,
795 1745 846 1809 sed
861 1755 1031 1828 argumenta
1049 1747 1183 1830 requiro,
1208 1769 1283 1832 quae
1301 1770 1319 1814 a

156 1849 217 1913 siro
233 1847 472 1930 ingeniosissimo
488 1849 567 1913 nulla
582 1860 631 1913 aut
646 1856 725 1912 certe
738 1866 801 1913 aon
818 1868 884 1914 uera
903 1851 1015 1932 prolata
1037 1860 1123 1926 sunta
1141 1871 1229 1933 quem
1250 1853 1319 1936 qui·

154 1953 221 2016 dem
237 1951 277 2015 ob
291 1952 320 2015 id
337 1950 445 2033 ipsum,
459 1949 538 2034 quod
553 1951 750 2015 Christianum
766 1971 783 2016 a
798 1971 846 2015 me
866 1952 929 2017 lieri
943 1954 1119 2036 Aeschylum
1137 1973 1225 2018 suum
1246 1975 1319 2038 que-

155 2053 244 2130 ritur,
265 2073 368 2118 vereor
387 2073 426 2117 ne
445 2054 527 2118 multi
547 2053 781 2118 Christianomm
801 2054 885 2131 illud,
903 2057 983 2137 quod
1004 2057 1129 2120 maxime
1144 2058 1183 2120 sit
1201 2058 1320 2122 christi·

154 2177 228 2222 auae
242 2157 392 2238 religionis
406 2156 571 2240 proprium,
586 2177 646 2240 quo
658 2158 728 2221 eniti
743 2158 885 2240 Aeschylo
897 2177 958 2222 oon
973 2161 1068 2239 magis
1083 2179 1172 2242 quam
1184 2161 1319 2244 cuiquam

154 2261 192 2323 de
206 2259 352 2324 veteribus
368 2260 537 2342 contigerit,
557 2261 705 2324 nonsatis
721 2262 871 2340 cognitum
896 2261 1001 2326 hahere
1020 2262 1128 2327 dicant
1171 2263 1228 2327 Sed
1248 2264 1321 2327 baec

155 2363 306 2446 disputare
320 2381 382 2426 non
397 2381 497 2426 meum
517 2370 576 2426 cata
602 2363 639 2426 de
658 2382 725 2426 meo
740 2374 838 2428 autem
853 2363 1030 2428 Prometheo
1047 2365 1155 2439 soluto,
1177 2367 1318 2447 quemad·

123 2463 125 2470 ’
156 2465 278 2529 modum
295 2464 374 2539 olim,
389 2483 481 2547 mum
496 2484 566 2528 eum
580 2464 708 2541 ederem,
724 2466 763 2530 ita
776 2467 863 2530 etiam
879 2484 960 2530 nunc
974 2467 1126 2548 prohteor,
1143 2470 1269 2534 tonnam
1290 2471 1318 2534 ei

155 2579 185 2632 et
198 2569 328 2632 colorem
340 2567 519 2650 antiquitatis
534 2568 724 2650 habitumque
738 2567 930 2650 Aeschyleum
945 2569 1059 2644 deesse,
1073 2579 1103 2632 et
1117 2571 1318 2654 compluribus

155 2691 225 2735 oum
239 2670 316 2734 vitiis
332 2671 472 2746 laborare,
488 2691 564 2755 quae
575 2671 686 2754 peritos
701 2689 763 2736 non
779 2672 902 2751 lugient,
922 2692 940 2736 a
956 2691 1003 2734 me
1016 2681 1113 2735 autem
1135 2683 1168 2736 ut
1186 2693 1317 2738 comme·

156 2783 310 2838 morentur
330 2774 400 2837 nihil
421 2793 498 2857 opus
517 2783 571 2838 est
612 2774 656 2838 sd
677 2775 736 2838 dcto
756 2785 853 2838 tamen
873 2775 910 2838 ab
924 2773 1097 2856 ¹llermanuo
1117 2777 1190 2840 mihi
1207 2776 1318 2842 obiecta

59 2871 62 2878 ’
156 2877 258 2959 paucis
273 2879 454 2960 respondere
467 2879 571 2959 placet.
615 2877 764 2953 Primum,
779 2877 858 2960 quod
874 2888 961 2960 nequ
976 2879 1153 2959 tragoediam
1172 2879 1250 2943 banc
1262 2899 1318 2944 uo·

157 2981 262 3044 minari
283 2999 387 3062 posse,
407 2981 475 3063 quia
497 2991 578 3044 metu
598 2992 628 3043 et
642 2981 829 3044 miseratione
844 2989 952 3056 careat,
969 2981 1131 3044 iudicarunt
1146 2993 1249 3046 eontra
1263 2983 1319 3056 alii,

138 3084 264 3163 ¹horum
285 3085 439 3165 utrimque
458 3091 573 3147 tantum
595 3084 705 3160 iuessc,
727 3091 870 3166 quantum
885 3084 958 3146 satis
974 3083 1013 3147 sit
1027 3083 1063 3147 ad
1085 3085 1250 3166 tragoediae
1263 3105 1320 3150 no-

157 3207 226 3253 men
252 3187 373 3271 antiquo
397 3205 489 3251 sensu
514 3186 665 3253 tuendum.
709 3186 785 3251 Nam
811 3196 840 3250 et
865 3187 1054 3252 miseratione
1079 3188 1217 3253 lectorem
1236 3189 1321 3261 athei,
1445 3173 1448 3178 ’

156 3311 249 3375 quum
265 3292 476 3356 Prometheum
497 3288 592 3356 rideat
607 3309 764 3355 aerumnas
784 3311 854 3355 suas
874 3301 903 3355 et
923 3292 1020 3355 solum
1035 3301 1065 3354 et
1084 3311 1152 3355 eum
1168 3291 1320 3356 Titanibus

156 3403 398 3478 conquerentem,
413 3403 443 3456 et
456 3401 552 3468 metu,
573 3395 645 3458 dum
667 3395 810 3458 incertum
827 3395 875 3470 sit,
891 3396 1103 3477 persuaderine
1122 3393 1178 3459 sibi
1198 3395 1320 3460 salubria

157 3498 279 3562 comitia
295 3496 432 3578 patiatur,
446 3512 483 3560 au
498 3497 638 3578 persistat
652 3495 683 3561 in
698 3497 855 3580 pertinacia
870 3497 1015 3562 exitiabili.
1054 3498 1112 3562 Sed
1126 3510 1207 3563 esto:
1228 3499 1322 3564 serius

157 3598 323 3664 iudicaverit
338 3597 541 3673 llermannus3
560 3618 624 3662 mea
639 3599 711 3663 nihil
726 3599 859 3676 interest,
875 3603 926 3683 qui
941 3619 1095 3682 nunquam
1114 3601 1322 3684 adspiraverinr

156 3703 193 3765 ad
208 3710 312 3784 poetae
328 3698 426 3780 tragici
442 3699 566 3776 laudem,
580 3708 610 3764 et
624 3701 784 3783 optaverim
805 3702 878 3784 ipse,
891 3713 924 3767 ut
945 3723 1022 3785 opus
1042 3703 1111 3766 illud
1130 3703 1235 3786 aliquis
1253 3725 1322 3768 sur·

158 3804 268 3888 ciperet
281 3803 396 3886 poetica
411 3803 544 3866 lacultatc
558 3821 607 3867 me
622 3804 715 3884 magis
731 3801 853 3886 pollens.
898 3806 986 3881 Quot
1002 3815 1099 3869 autern
1110 3824 1203 3887 porro
1218 3808 1323 3890 culpat,

158 3925 354 3989 omnesquae
373 3905 511 3992 inducam
531 3923 674 3988 personas
693 3905 806 3988 spirare
826 3906 903 3970 illam
924 3907 1091 3972 communis
1109 3907 1238 3972 caritatis
1255 3911 1320 3993 ple·
1336 3923 1366 3977 rt

158 4027 228 4073 uam
243 4009 388 4084 virtutem
403 4027 493 4092 quam
505 4007 808 4073 christiana-doctrina
822 4010 992 4092 prraeoipiat,
1007 4010 1107 4074 nescio
1120 4030 1174 4076 cur
1185 4032 1321 4078 commu·

158 4130 227 4175 uem
243 4109 393 4176 caritatem
408 4111 495 4188 dicat,
510 4131 585 4195 quae
599 4111 723 4177 dicenda
737 4111 792 4176 luit
805 4113 965 4177 reverentia
980 4113 1075 4190 loris,
1090 4131 1152 4178 nou
1167 4126 1201 4181 ut
1214 4127 1321 4200 poten·

159 4213 267 4278 tissimi
280 4215 386 4292 solum,
400 4215 451 4278 sed
467 4224 501 4279 ut
514 4215 629 4299 optimi,
650 4215 680 4280 la
696 4237 722 4280 e.
736 4224 769 4280 ut
782 4215 921 4300 sapientis
936 4225 966 4281 et
980 4216 1050 4282 iusti
1070 4228 1100 4283 et
1116 4229 1241 4302 paterno
1256 4237 1323 4301 erga

158 4317 296 4382 homiues
321 4335 423 4382 amoro
447 4317 586 4399 praediti,
612 4319 725 4401 quiem
746 4319 843 4383 lovem
862 4328 892 4383 et
909 4320 946 4384 ab
965 4322 1109 4407 hesehplo
1134 4332 1164 4388 et
1182 4343 1200 4387 a
1219 4323 1322 4406 queris

21 4461 22 4464 =
87 4407 89 4410 ’
129 4465 131 4473 s
159 4419 282 4484 cordato
297 4419 374 4484 illius
389 4419 493 4484 aetatis
507 4419 626 4485 ethnico
640 4421 782 4485 mellitum
797 4440 879 4499 esse,
895 4422 983 4499 saur,
999 4434 1033 4489 ut
1045 4425 1183 4502 arbitror,
1197 4425 1323 4492 dmon-
