3078 4954
630 436 829 534 .„-.ss⁹.„...

153 621 342 710 ξυμπιτνῶν
368 627 497 692 deleatur
520 634 704 710 ponaturque
728 634 800 709 pest
824 621 945 705 στένει,
970 628 1007 691 de
1027 646 1088 709 que
1109 646 1144 691 se
1165 625 1314 708 ambigere

154 731 238 807 dicit,
258 731 335 795 sitne
353 750 408 816 pre
428 731 526 796 dativo
546 729 763 815 accipiendum,
783 740 816 794 ιιι
835 730 948 796 dicatur
965 730 1098 796 marinus
1118 735 1225 794 tlucttm
1244 747 1313 794 αιιιι

153 835 263 917 gemitu
278 836 384 912 collidi,
398 853 436 900 an
451 854 506 918 pro
521 835 623 910 serbo,
643 844 675 898 ιιι
689 833 803 897 dicatur
816 833 926 898 seilicet
944 835 1051 898 ductus
1070 833 1201 898 marium
1221 832 1312 896 boare

154 939 273 1003 collisus
289 957 415 1020 gemere,
431 938 515 1022 quate
529 939 691 1020 aspndeton
706 937 768 1001 iure
781 937 898 1001 mireris
913 937 939 1000 si
954 937 985 1000 in
999 948 1128 1001 menum
1142 938 1242 1001 venire
1254 955 1311 1018 po·

69 1123 72 1131 ‹
152 1041 256 1118 tuisse,
271 1041 320 1123 qui
331 1040 419 1118 eliud,
434 1041 522 1123 idque
532 1041 617 1124 plane
631 1039 866 1116 usitatissimum,
880 1059 906 1103 r.
918 1041 991 1114 nrt,
1006 1040 1130 1103 tolerare
1141 1039 1311 1120 nequiverit.

153 1144 212 1209 Sed
237 1143 330 1227 magis
361 1143 477 1209 mireris
503 1145 645 1226 sumntum
671 1143 827 1210 lectionem
853 1143 988 1228 cuiquam
1019 1141 1214 1226 displicuisse.
1259 1143 1310 1208 ni-

153 1247 262 1314 mirum
287 1267 379 1330 quoru
403 1248 433 1313 in
454 1247 612 1314 liuberteili
631 1248 758 1312 editione
776 1239 889 1330 βαθύς
910 1247 1054 1331 scriptum
1079 1246 1130 1322 sit,
1155 1247 1309 1312 manifesse

99 1399 100 1403 ,
152 1353 327 1437 typographi
341 1371 456 1429 errore,
476 1353 505 1416 in
520 1353 649 1418 diudiceo
664 1362 762 1417 eutem
778 1351 887 1427 codice,
902 1353 927 1414 si
942 1351 1041 1416 minus
1056 1352 1115 1416 troc
1131 1349 1231 1434 ipsum
1245 1354 1310 1435 de·

150 1451 230 1535 δδς,
255 1465 285 1519 at
304 1467 383 1522 certe
402 1451 529 1540 βάθος,
552 1458 611 1522 iaec
635 1459 706 1522 sans
725 1475 830 1520 musae
849 1455 903 1518 iuit
925 1455 961 1518 ad
981 1455 1204 1538 excogitandam
1223 1455 1308 1520 istam

149 1559 393 1624 emendationem.

234 1661 327 1726 Versu
342 1659 610 1727 concrepemus
625 1661 688 1726 leni
700 1661 802 1745 Apidis
817 1661 848 1725 in
862 1663 993 1744 degppto
1004 1671 1121 1745 partum
1135 1663 1307 1747 praedicens

149 1765 220 1828 haee
233 1765 288 1829 ait:

348 1859 498 1931 ἐνταῦθα
519 1860 561 1952 δή
583 1883 621 1929 σε
642 1862 727 1942 Ζεδς
746 1861 885 1953 τίθησιν
906 1857 1065 1954 ἔμφρονα,

350 1961 493 2055 ἐπαφῶν
514 1959 653 2054 ἀταρβεῖ
672 1964 761 2054 χειρὶ
783 1963 842 2031 καὶ
863 1965 972 2050 dtyoiv
991 1963 1102 2050 μόνον.

349 2063 521 2152 ἐπώνυμον
542 2065 581 2134 δι’
601 2067 669 2134 τῶν
690 2065 776 2148 Διδς
798 2065 1002 2158 γεννημάτων

347 2167 453 2252 τέξεις
473 2169 624 2238 ederedo
635 2164 805 2262 Ἔπαφον.

147 2273 338 2366 Γεννήματα
352 2276 546 2354 Wedaumm,
567 2277 802 2341 Wundedichius
817 2278 923 2360 aliique
939 2277 1022 2340 muiti
1038 2277 1132 2360 ipsam
1144 2279 1221 2344 illam
1235 2298 1308 2344 con·

147 2381 364 2455 uectationem,
378 2398 465 2443 versu
481 2380 632 2462 superiore
652 2389 859 2454 memoratam.
875 2381 932 2444 dici
947 2389 1120 2444 statnemnt
1149 2382 1181 2445 id
1197 2383 1308 2446 wiese-

147 2487 225 2549 ierus
244 2484 394 2566 improbat
413 2491 569 2566 propterca
588 2483 668 2565 quod
683 2483 742 2558 „ita
766 2483 855 2546 nirsris
876 2483 999 2566 aisruptc
1013 2495 1043 2548 et
1057 2485 1183 2549 obscuro
1201 2485 1308 2569 lequu-

147 2598 195 2651 tus
207 2596 286 2650 esset
296 2593 412 2669 posta.“
434 2585 663 2650 describendum
675 2585 765 2666 igitur
775 2586 886 2660 suadet,
900 2578 1075 2667 incisorem
1089 2582 1129 2650 δὲ
1141 2584 1208 2651 τῶν
1222 2587 1309 2666 Διὸς

146 2681 275 2776 γέννημ’
290 2682 397 2776 διφῶν.
423 2687 568 2751 Nimirum
583 2687 706 2752 debebat
720 2689 916 2751 Prometheus
928 2688 1086 2751 vadcinans
1102 2691 1203 2754 omnia
1218 2712 1314 2774 quam

145 2791 317 2876 planissima
335 2800 364 2854 et
384 2790 577 2854 disertissime
598 2809 759 2873 exponere,
783 2800 812 2853 ct
831 2791 889 2852 hoc
908 2790 1006 2872 ipsum
1029 2792 1191 2874 perspicuis
1211 2795 1305 2857 ventris

145 2895 309 2970 declarare,
330 2911 391 2957 nen
406 2894 443 2957 de
465 2893 622 2956 concubitu
637 2893 826 2972 cogitandum
849 2911 929 2967 esse,
951 2893 1003 2954 sed
1019 2893 1055 2954 de
1077 2898 1306 2960 contrectatione

145 3007 273 3061 tontum:
289 3006 319 3060 et
334 2997 359 3059 si
382 2998 458 3060 torte
473 2995 505 3057 lo
521 2995 579 3056 iam
594 3013 629 3058 en
644 2995 799 3057 concubitu
814 2994 891 3056 ioris
903 2994 1020 3075 grauida
1034 3007 1124 3068 esset,
1145 2998 1305 3062 cauendum

146 3100 321 3165 Prometheo
337 3108 407 3174 erat,
421 3117 459 3162 ne
469 3096 662 3180 responderet
676 3097 730 3159 sibi
746 3097 801 3173 dia,
818 3096 909 3160 tilium
924 3115 1012 3160 auum
1024 3099 1192 3180 Epaphum,
1207 3109 1308 3183 utpote

145 3203 183 3266 ab
198 3195 317 3290 ἐπαφῇ
329 3203 449 3278 dictum,
464 3220 525 3265 non
539 3209 617 3263 reete
631 3217 711 3263 nune
725 3192 931 3284 γεννημάτων
951 3193 1125 3282 ἐπώνυμον
1146 3201 1220 3266 dici:
1238 3221 1304 3266 nam
1323 3213 1350 3267 ιι

146 3298 329 3392 γεννήματα
352 3304 471 3388 quidem
496 3304 554 3368 iam
580 3303 748 3366 diomede
772 3310 902 3383 peracto,
927 3305 1188 3370 contrectationem
1211 3317 1307 3371 autem

146 3410 223 3474 illam
239 3409 311 3472 nihil
325 3408 382 3472 nisi
398 3406 544 3489 quandam
561 3405 828 3469 obstetricationem
845 3407 972 3470 suturam
986 3427 1063 3471 esee.

230 3511 374 3594 Supermt
393 3528 471 3574 unus
492 3510 589 3581 iocus,
610 3507 646 3572 dc
666 3526 725 3589 que
745 3507 957 3590 disputandum
971 3509 1025 3588 sit,
1040 3511 1071 3574 in
1085 3511 1201 3594 prologi
1215 3510 1307 3584 initio,

144 3632 172 3676 ι.
185 3615 214 3687 6,
229 3613 279 3677 add
294 3632 384 3695 quum
398 3613 484 3692 vulgo
500 3629 580 3674 nunc
593 3629 627 3673 ea
642 3609 786 3692 scriptura
800 3621 916 3694 recepta
931 3612 980 3688 sit,
996 3631 1085 3694 quam
1099 3624 1183 3678 retus
1194 3613 1308 3679 dricte-

145 3715 252 3798 pritanis
266 3717 410 3797 interpres
425 3716 461 3777 ad
475 3713 550 3777 Rae.
565 3733 591 3776 r.
607 3713 668 3778 827
684 3713 816 3787 servarit,

330 3807 562 3898 ἀδαμαντίνων
579 3811 709 3898 δεσμῶν
729 3808 764 3879 δν
786 3805 964 3902 δῤῥῆκταις
985 3811 1116 3896 πέδαις,

145 3917 320 3983 iiieseierus
341 3919 476 3983 codicum
496 3918 724 4001 Aeschyleorum
745 3919 948 3982 auctoritatem
968 3918 1110 3984 maiorem
1129 3931 1211 3986 ratus
1230 3923 1308 3988 hunc

145 4037 263 4082 versum
278 4020 383 4102 reponi
398 4021 467 4092 vult.

192 4127 193 4132 ’
322 4112 564 4201 ἀδαμαντίνως
584 4112 763 4197 uidereris
785 4112 962 4206 ἀρρήκτοις
982 4116 1133 4205 πέτραις.

145 4221 258 4303 Nempe
273 4221 333 4284 hoe
345 4219 445 4302 ipsum
460 4219 491 4282 in
505 4220 666 4285 nonomen
681 4221 810 4286 editione
824 4221 943 4303 legitur:
958 4223 1076 4288 codices
1091 4236 1206 4302 summ,
1222 4236 1309 4309 qnot-

146 4330 220 4402 quot
235 4319 331 4384 collati
347 4328 431 4395 sunt,
452 4337 557 4384 omnes
572 4321 603 4385 in
617 4314 796 4408 δρδήκταις
817 4317 957 4405 πέτραις
977 4325 1165 4409 conspirant,
1184 4339 1310 4410 ιιιιιιιμια

145 4421 235 4486 etiem
250 4421 301 4504 qui
314 4413 350 4486 ir
368 4409 619 4504 praepositionem
639 4423 762 4501 addant,
780 4425 909 4506 itemque
923 4426 954 4489 in
969 4425 1109 4492 omnibus
1127 4419 1309 4509 drepent-
