3078 4954
178 702 309 766 pugnare
323 705 438 750 mecum
454 687 518 770 ipse
532 689 644 752 vellens.
678 687 784 768 Negavi
799 687 877 750 enim
894 707 922 770 p.
945 691 989 752 lb.
1006 691 1056 752 l'i.
1072 691 1110 751 51
1129 689 1347 752 Prometheum

178 787 306 852 tribuere
324 789 493 853 hominihus
514 791 662 874 potuisse,
682 810 756 873 quae
774 812 790 853 a
810 791 876 854 lore
896 800 1010 855 tantum
1030 791 1164 874 lorisque
1182 793 1287 856 antitis
1306 793 1346 856 ad

177 889 312 954 homines
332 902 553 973 permanarent:
573 913 668 976 neque
687 893 830 976 postulari
854 893 955 975 igitur,
980 903 1013 957 ut
1031 895 1170 958 tribueret
1187 894 1248 968 ille,
1265 915 1347 976 quae

177 1009 239 1056 non
253 1002 369 1075 poterat
379 993 516 1069 tribuero,
531 997 582 1059 sed
596 998 654 1059 hoc
667 997 821 1078 postulari,
837 1006 868 1060 ut
883 1016 965 1060 neca
981 997 1111 1079 quidem,
1125 1017 1200 1079 quae
1214 1007 1346 1080 poterat,

85 1165 86 1168 Ἴ
178 1095 347 1160 hominibus
365 1097 528 1180 impertiret
549 1108 652 1162 contro
672 1099 748 1163 loris
773 1101 945 1183 imperium,
969 1116 1043 1163 nere
1062 1101 1245 1182 opinaretur,
1271 1099 1344 1183 quid

178 1197 348 1263 conveniret
361 1200 398 1263 iis
410 1199 511 1276 biberi,
531 1210 560 1264 ot
580 1203 697 1284 sperando
713 1203 896 1277 conveniret,
916 1223 949 1266 se
964 1202 1068 1265 melius
1083 1203 1151 1265 lore
1165 1203 1345 1284 perspicere.

179 1301 237 1367 Sed
253 1303 500 1385 operaepretium
521 1313 567 1368 est
581 1303 643 1387 ipsa
659 1305 817 1369 llermnnni
832 1305 918 1370 rerba
937 1324 1125 1388 cognoscere.
1168 1305 1240 1368 ham
1257 1318 1346 1388 post·

179 1425 267 1491 cluam
283 1407 352 1470 illud
368 1407 405 1471 de
421 1426 537 1472 momm
553 1407 724 1491 virtutisque
739 1409 918 1493 praeceptis,
932 1408 1016 1492 quasi
1032 1428 1130 1472 mmm
1145 1429 1278 1474 errorem
1294 1431 1345 1476 re·

178 1512 380 1594 prehendens,
394 1531 425 1576 re
440 1531 505 1577 rera
521 1523 617 1577 ιιιιειιι
632 1513 702 1576 nihil
718 1513 775 1577 nisi
790 1532 877 1577 surim
897 1513 1042 1596 prodens,
1061 1513 1233 1596 proposuit,
1248 1517 1346 1598 pergit

180 1613 285 1678 deinde
304 1613 334 1677 in
354 1614 434 1678 hunc
453 1615 589 1680 modum:
614 1615 670 1690 „ld
690 1636 776 1680 verso
796 1615 821 1680 si
843 1615 958 1679 lecisset
977 1615 1187 1691 Prometheus,
1213 1617 1291 1696 (scil.
1311 1627 1345 1681 nt

136 1701 140 1710 ’
179 1735 297 1780 mortim
313 1727 467 1799 praecepto
483 1719 635 1794 traderet,)
656 1717 752 1781 mirati
768 1726 865 1781 essent
879 1727 1063 1800 spectatores
1084 1737 1300 1799 supemacanea
1314 1733 1345 1784 et

179 1839 254 1900 puae
278 1837 368 1882 nomo
392 1828 574 1902 expectasset
597 1821 804 1901 proterentem.
854 1820 1001 1901 Exemplis
1024 1821 1160 1884 homines
1183 1823 1295 1904 antiqui
1314 1833 1344 1885 et

179 1921 301 1984 rnonitis
317 1939 372 2002 pro
387 1939 421 1984 ro
434 1939 468 1983 ac
483 1931 617 2002 tempore
631 1920 713 1982 iactis
728 1921 764 1984 ad
780 1921 914 1983 rirtxrtern
930 1919 1166 2000 instituebantur.
1180 1941 1242 1985 non
1256 1943 1344 2004 pcae-

180 2033 264 2103 eepta
289 2041 407 2086 morum
427 2023 458 2085 in
482 2021 633 2084 doctrinae
654 2023 779 2084 formam
798 2021 913 2085 redacta
937 2022 1119 2098 ediscebant,
1142 2035 1206 2098 aut,
1230 2025 1343 2106 siquid

181 2125 369 2200 huiusmodi,
384 2123 412 2186 id
427 2133 583 2207 poetarum
599 2121 779 2186 carminibus
797 2125 965 2205 expositum
985 2125 1145 2187 mansoriae
1160 2125 1346 2190 mandabant.

183 2228 226 2290 lta
240 2227 322 2290 domi
338 2226 445 2290 doctus
459 2225 535 2290 scire
550 2241 627 2288 ιιιιιιι
642 2224 768 2307 quisquc
782 2225 951 2308 putabatur,
969 2225 1039 2308 quid
1059 2227 1103 2287 las
1116 2237 1146 2288 et
1159 2228 1256 2302 nelos,
1274 2229 1344 2309 quid

181 2328 292 2392 iustum
308 2336 338 2391 et
351 2327 508 2403 iniustum,
521 2327 591 2408 quid
606 2345 731 2408 aequum
747 2337 776 2390 et
790 2327 933 2410 iniquom,
948 2327 1018 2410 quid
1033 2327 1191 2392 honestum
1205 2340 1235 2392 et
1249 2340 1345 2412 turpe,

140 2471 142 2476 -
181 2433 322 2496 «iecorum
341 2441 371 2494 et
391 2429 576 2506 indecorum,
597 2429 709 2492 bonum
724 2439 754 2492 et
773 2430 882 2493 malum
897 2438 990 2505 esset,
1008 2439 1037 2493 et
1056 2439 1134 2494 recte
1148 2431 1281 2513 quidem:
1299 2443 1347 2495 est

182 2533 260 2597 enim
281 2533 368 2597 huius
389 2531 529 2596 scientiae
549 2533 618 2594 lons
638 2532 727 2607 ratio,
746 2550 820 2613 quae
838 2549 900 2595 non
915 2531 1030 2594 aliunde
1044 2531 1199 2614 accipitur,
1219 2533 1273 2596 sed
1286 2552 1345 2596 una

182 2655 250 2699 cunr
270 2633 392 2698 homine
411 2633 557 2708 nascitur,
582 2643 616 2696 nt
634 2633 699 2697 sine
717 2653 751 2696 ea
771 2633 948 2713 recogitari
969 2633 1086 2713 quidem
1106 2634 1197 2696 homo
1219 2635 1344 2715 possit‘·

183 2739 276 2802 Viden
291 2755 378 2820 quam
398 2735 549 2818 diligenter
568 2753 704 2800 summus
717 2735 762 2798 rir
776 2735 939 2817 provideat,
960 2753 998 2798 ne
1017 2735 1084 2816 quis
1102 2737 1274 2817 persuaderi
1289 2736 1344 2800 sibi

183 2841 309 2925 patiatur
329 2839 537 2903 Prometheum
562 2846 701 2920 tanquam
729 2838 875 2921 quorrdarn
896 2838 956 2901 ludi
980 2839 1152 2918 magistrum
1177 2849 1227 2901 aut
1246 2857 1343 2902 mora·

182 2945 253 3008 lium
272 2945 473 3025 professorem
495 2941 592 3004 induci
611 2941 647 3004 ah
666 2942 808 3023 Aeschylo
824 2939 979 3024 potuissel
1008 2941 1081 3017 Quis
1100 2950 1198 3004 autem
1213 2950 1273 3016 est,
1296 2941 1347 3023 qui

183 3047 248 3112 talia
264 3046 441 3130 persuadere
456 3041 600 3108 conetur?
629 3045 675 3108 llo
690 3044 799 3107 scilicet
815 3043 968 3126 prddmnt,
983 3043 1033 3125 qui
1048 3043 1153 3106 librum
1170 3063 1269 3108 meum
1285 3062 1347 3108 non

183 3153 329 3233 legerunt:
356 3149 405 3231 qui
431 3159 527 3212 auhm
554 3148 699 3230 legerunt,
726 3157 777 3211 aut
806 3147 990 3210 ardrahuntur
1013 3155 1072 3209 tarn
1101 3165 1347 3228 supervacaneam
1365 3154 1395 3208 tt

183 3253 343 3319 llcrmanni
358 3252 602 3336 disputationem,
621 3261 671 3315 aut
689 3251 791 3325 chain,
811 3249 836 3312 si
856 3250 955 3313 minus
975 3250 1074 3313 norint
1088 3249 1141 3312 riri
1162 3249 1267 3332 optimi
1286 3250 1350 3312 ani·

185 3377 277 3433 mum,
292 3357 417 3420 subesse
432 3356 533 3419 nescio
548 3353 616 3437 quid
634 3353 747 3419 consilii
762 3352 997 3437 suspicabuntur.
1030 3355 1166 3416 Ceterum
1181 3352 1350 3417 demonem

184 3459 337 3542 disciplina
353 3460 430 3541 apud
448 3468 560 3522 veteres
575 3459 712 3533 Graecos,
727 3466 756 3519 et
771 3476 827 3538 qna
844 3457 881 3520 illi
897 3457 1012 3521 ratione
1027 3457 1164 3520 homines
1179 3458 1215 3520 ad
1231 3476 1351 3520 omnem

184 3564 344 3626 humanam
360 3561 531 3643 civilemque
545 3561 679 3624 rirtutem
695 3560 895 3624 efficacissime
910 3559 1062 3624 iniorrnari
1076 3560 1267 3636 crediderint,
1281 3559 1352 3642 quid

184 3684 240 3747 ego
254 3663 378 3727 sentiam
394 3682 455 3727 non
471 3664 589 3746 quidem
604 3684 639 3726 ex
655 3663 701 3739 iis,
717 3681 791 3745 quae
806 3664 842 3725 do
856 3664 990 3746 Aeschyli
1006 3662 1184 3728 Prometheo
1199 3680 1352 3726 commen-

62 3827 64 3832 .
187 3777 266 3831 totns
286 3786 369 3842 sum,
388 3766 439 3830 ubi
457 3767 535 3829 nulla
554 3777 616 3830 erat
636 3765 725 3828 huius
744 3765 786 3828 rei
801 3764 987 3846 explicandae
1002 3765 1135 3838 occasio,
1155 3765 1207 3828 sed
1226 3784 1262 3828 ex
1277 3765 1351 3828 libro

185 3871 388 3954 antiquitatum
401 3869 577 3933 Graecarum
594 3869 732 3932 antelios
747 3877 815 3930 octo
830 3884 926 3930 annos
941 3867 1019 3930 edito
1033 3867 1193 3948 intelligere
1208 3866 1351 3931 llerrnan·

186 3993 243 4039 nus
259 3975 285 4039 si
299 3975 376 4040 volet
391 3973 507 4058 poterit,
521 3991 615 4054 neque
630 3971 755 4036 inrcniet
769 3969 798 4034 in
815 3991 851 4032 eo
866 3970 1039 4053 quidquam,
1056 3969 1136 4052 quod
1153 3970 1271 4053 culpare
1285 3980 1351 4034 tan·
1467 3999 1469 4002 ·

186 4097 275 4160 ‹puam
295 4097 331 4141 ex
350 4097 425 4142 varro
445 4079 583 4142 haustum
603 4075 708 4160 possit.
753 4075 839 4151 Quod
859 4084 955 4138 autem
976 4074 1013 4137 do
1027 4075 1142 4137 ratione
1156 4073 1239 4149 dicit,
1254 4074 1352 4138 omnis

187 4180 308 4244 moralis
329 4180 499 4264 disciplinae
518 4181 613 4254 tonte,
633 4199 694 4244 non
715 4178 830 4243 aliunde
849 4187 980 4260 accepta,
999 4176 1052 4241 sed
1071 4196 1130 4241 una
1145 4196 1213 4241 eum
1234 4177 1353 4242 bomine

187 4293 269 4358 nata,
292 4292 326 4346 ut
344 4282 409 4346 sine
428 4303 461 4346 ea
486 4301 523 4346 ne
548 4283 669 4364 cogitari
693 4283 811 4366 quidem
837 4281 928 4344 ιιοιιιο
954 4281 1065 4363 possit,
1090 4290 1138 4345 est
1156 4300 1228 4344 sane
1252 4301 1352 4346 rerum

188 4405 283 4470 neque
298 4383 443 4449 veteribus
463 4385 613 4466 ignotum:
631 4405 734 4450 vereor
753 4395 852 4448 tarum
871 4403 1066 4467 niagnopere,
1086 4385 1209 4469 utquid
1228 4385 1286 4449 illis
1300 4386 1354 4450 tae

188 4489 226 4554 de
239 4509 272 4554 ro
282 4489 378 4552 risum
392 4488 441 4565 sit,
453 4488 641 4552 Hennennus
656 4498 734 4552 recta
749 4498 936 4570 perspectum
951 4487 1066 4555 habeat
1091 4489 1137 4552 dn
1152 4489 1230 4554 torte
1244 4488 1353 4554 lacibus
