3092 4964
679 524 701 532 „
731 431 808 532 ert
835 521 872 531 ..

192 635 267 696 hanc
282 648 400 692 onnmnr
416 623 678 708 reprehensionem
694 622 747 688 niti
763 624 833 688 lolsa
849 623 895 686 illa
910 621 1042 686 vocabuli
1063 613 1248 710 ι’ίνθρωπος
1267 625 1359 690 inter·

190 731 363 816 pretatione,
385 731 535 811 mirorque
550 729 639 792 hoca
654 727 831 809 Goettlingio
847 745 908 790 non
928 735 1129 809 perspectum,
1150 729 1200 811 qui
1220 749 1312 812 quum
1331 738 1361 794 st

191 837 254 917 ipse
273 825 459 918 ἄνθρωπον
477 842 592 915 patrem
613 831 737 894 familias
757 829 814 894 dici
835 829 949 905 medat,
967 837 997 893 et
1016 839 1116 894 tamen
1135 841 1239 896 matra
1258 832 1360 896 Philo-

146 948 175 1000 12
191 938 309 1001 demum
322 937 461 1018 disputet,
474 943 585 1018 pugnat
595 935 729 1016 prolecto
741 951 843 996 secum
856 931 930 1014 ipse,
942 941 973 996 et
983 933 1019 996 ad
1031 933 1250 998 defendendum
1260 933 1362 998 'l‘heo-

189 1042 345 1124 phrastum
365 1059 400 1103 ea
419 1040 546 1122 profert,
565 1056 640 1120 quae
659 1035 732 1101 nihil
753 1035 922 1118 pertineant
941 1034 977 1098 ad
997 1054 1072 1101 rent.
1112 1037 1171 1101 Sed
1190 1036 1264 1102 haec
1281 1054 1363 1102 nunc

189 1143 353 1210 aemrmtius
368 1141 512 1226 exagitare
526 1141 647 1224 longrrm
663 1149 718 1203 est.

276 1245 415 1312 Proxima
436 1245 634 1328 Theophrasti
656 1243 743 1307 verba
766 1242 795 1306 in
817 1242 899 1307 hune
926 1243 1051 1308 modum
1078 1243 1249 1326 retingenda
1277 1252 1362 1310 sunt:

190 1345 277 1417 ὥστε
292 1344 361 1416 δέοι
377 1340 419 1414 tle
431 1344 475 1414 τὰ
490 1343 567 1434 περὶ
583 1345 644 1436 eale
662 1343 722 1434 τῆς
741 1341 897 1431 γυναικὸς
916 1337 1053 1431 ὁμιλίαν
1071 1339 1364 1436 οἰκονομήσασθαι

191 1451 315 1533 καλῶς·
344 1450 445 1518 roien
465 1447 505 1520 δέ
523 1447 624 1532 ἐστιν,
645 1443 793 1516 ὁποίαν
816 1446 892 1516 τινὰ
918 1447 971 1516 δεῖ
993 1445 1116 1539 ταύτην
1141 1441 1229 1518 slent
1254 1473 1365 1538 παρα-

192 1553 369 1626 oneratam:
395 1575 508 1622 serene
528 1569 569 1621 est
596 1556 831 1620 cousuetudinem
858 1575 925 1620 cuns
950 1555 1075 1620 etnim
1101 1568 1179 1620 reete
1205 1559 1364 1630 instituere,

192 1665 219 1728 l.
243 1683 267 1727 e.
290 1662 392 1735 lolem,
418 1660 533 1746 peeolem
556 1679 621 1724 eene
642 1679 701 1723 case
723 1671 848 1744 oportet,
874 1659 1000 1744 efficere.
1037 1659 1132 1742 Vulgo
1155 1660 1294 1726 scribitur
1319 1657 1365 1725 cd

193 1758 315 1831 noina
327 1761 402 1830 cerui
415 1763 480 1829 dei:
497 1765 549 1828 sed
565 1763 806 1848 interrogativum
822 1782 990 1848 pronomen
1004 1755 1152 1828 naiasin
1166 1766 1215 1829 tali
1227 1773 1367 1830 contextu

192 1870 264 1956 poni
276 1889 338 1935 uon
350 1868 455 1954 potuit,
470 1869 500 1933 in
513 1888 572 1954 quo
584 1869 662 1934 nulla
676 1880 723 1933 est
736 1887 832 1953 neque
847 1867 955 1933 directa
971 1887 1066 1952 neque
1082 1869 1223 1934 indirecta
1238 1868 1366 1934 interro·

193 1975 286 2056 gotio,
305 1974 357 2039 sed
378 1973 478 2038 relatio
498 1975 703 2038 tautummodo
724 1975 760 2039 ad
777 1972 1014 2038 subaudiendum
1034 1993 1202 2056 pronomen
1220 1973 1366 2060 qualitatis

194 2081 473 2158 elemonstrathum‚
489 2079 571 2163 quasi
587 2078 666 2144 dicas
680 2073 840 2168 τοιαύτην
853 2073 938 2157 τινα,
955 2074 1031 2142 οἵαν
1045 2074 1107 2143 δεῖ.

282 2184 421 2270 Sequitur
436 2184 518 2250 loeus
534 2183 570 2250 de
585 2176 714 2272 κτήσεις
730 2183 813 2248 cuius
829 2183 950 2267 speidem
966 2181 1253 2268 praestantissimum
1272 2203 1367 2267 genus

195 2311 263 2356 esse
277 2290 385 2356 dicitur
398 2310 433 2355 cx
447 2289 509 2373 agri
525 2289 650 2368 cultura,
665 2289 733 2355 huic
748 2289 918 2374 proximum
931 2288 1130 2373 quodcunque
1141 2309 1177 2354 ex
1189 2297 1283 2353 terrae
1294 2309 1368 2374 pro·

195 2403 285 2458 ventu
299 2393 407 2458 victum
423 2392 553 2476 pararint,
573 2391 659 2456 soluti
675 2384 695 2480 ἦ
709 2387 960 2480 μεταλλευτική.
991 2393 1200 2476 Vituperantur
1215 2401 1293 2458 artes
1310 2393 1368 2458 sel·

197 2497 327 2569 lulariae,
343 2508 376 2561 ut
390 2517 464 2580 quae
478 2515 590 2580 corpus
605 2497 797 2580 animumque
813 2507 1015 2581 corrumpent,
1030 2496 1165 2562 laudatur
1181 2496 1243 2579 agri
1255 2497 1369 2562 ctdtura

197 2611 336 2684 tanquam
357 2601 476 2666 roboris
497 2609 527 2664 et
546 2598 725 2664 fortitudinis
745 2601 935 2684 procreatrix.
975 2601 1051 2664 lluic
1071 2599 1181 2664 similes
1208 2600 1369 2665 sententias

198 2723 289 2787 qumn
305 2705 382 2786 apud
402 2704 476 2768 alios
495 2705 616 2778 multos,
639 2713 701 2768 tum
721 2705 799 2787 apud
816 2704 1002 2768 Aristotelem
1023 2703 1169 2768 invenias:
1189 2702 1242 2767 sed
1263 2713 1369 2767 nostro

197 2807 334 2891 scriptori
356 2807 482 2871 maxime
501 2793 710 2890 Xenophontis
729 2808 956 2872 oeconomicum
977 2807 1165 2870 obversatum
1185 2826 1253 2870 esso
1272 2807 1371 2885 credo,

199 2931 261 2994 oap.
278 2913 308 2984 l,
324 2911 354 2974 2.
370 2913 400 2984 5,
422 2909 533 2974 l-l'i.
549 2911 579 2984 6,
595 2911 625 2972 5.
642 2909 762 2986 8-ltl·,
776 2919 805 2973 et
820 2909 901 2993 quod
917 2909 966 2973 hic
980 2910 1010 2986 6,
1030 2911 1067 2972 10
1089 2900 1154 2988 ἔξω
1167 2905 1233 2972 τῶν
1246 2901 1371 2993 ἐρυμά-

198 3035 263 3077 των
276 3009 320 3077 sci
335 3005 517 3100 inlepidae
531 3011 666 3092 agricolis
682 3031 749 3075 esse
765 3011 844 3086 dicit,
863 3011 968 3075 iisdem
986 3013 1045 3076 lere
1059 3011 1155 3077 rerhis
1174 3012 1253 3096 apud
1269 3012 1370 3076 Theo·

200 3118 354 3203 phrastum
375 3115 514 3199 legimus,
540 3107 650 3198 μόνων
670 3109 732 3200 γὰρ
751 3107 877 3178 τούτων
894 3109 938 3178 ecl
957 3109 1110 3200 κτήματα
1130 3107 1193 3195 ἔξω
1211 3111 1278 3181 τῶν
1295 3109 1371 3203 ἐρα-

199 3214 314 3304 μᾶτων
328 3212 428 3284 ἐστίν.

287 3323 452 3406 Exponilur
466 3321 572 3385 deinde
587 3322 685 3404 paullo
700 3321 873 3398 accuratius,
886 3322 1039 3403 quomodo
1055 3324 1226 3390 hominihus
1237 3324 1267 3388 in
1279 3324 1371 3390 domo

202 3429 347 3513 agendum
363 3427 410 3502 sit,
424 3447 459 3492 ac
469 3426 599 3510 primum
611 3424 728 3510 quidem
741 3445 809 3490 cuna
820 3444 921 3491 uxore.
947 3425 1041 3492 llulus
1054 3447 1172 3512 quoque
1183 3429 1221 3494 de
1233 3427 1371 3513 coniugio

202 3533 411 3618 disputationis
427 3531 503 3596 leona
519 3550 588 3614 pars
603 3529 838 3615 exertophontis
850 3531 1043 3597 oeconomico
1055 3533 1142 3597 ducta
1153 3543 1208 3611 est,
1224 3533 1372 3618 imprimis

202 3659 276 3722 «puae
290 3658 320 3721 p.
341 3639 372 3712 5,
393 3637 435 3700 26
450 3645 481 3701 et
494 3635 634 3718 deinceps
650 3634 795 3717 leguntur,
809 3653 825 3698 e
841 3635 976 3719 Xenoph.
992 3655 1017 3700 c.
1033 3637 1063 3713 7,
1088 3636 1221 3702 19-30.
1256 3639 1318 3702 ntia
1337 3657 1372 3702 ex

201 3741 359 3808 Aristotele
374 3750 453 3816 sunt,
476 3741 513 3804 de
528 3740 651 3804 naturali
666 3739 764 3804 studio
784 3739 924 3805 similium
946 3741 992 3805 sui
1012 3741 1273 3824 procreandorum,
1292 3759 1322 3824 p.
1342 3741 1373 3805 5.

203 3848 295 3927 hosp,
314 3843 431 3908 ePolit.
447 3844 468 3920 l,
490 3845 503 3906 l
523 3863 552 3926 p.
566 3843 596 3919 2,
620 3845 672 3918 11;
695 3844 732 3908 de
752 3844 864 3908 diversa
884 3844 998 3910 ratione
1018 3844 1214 3928 coniungendi
1235 3844 1325 3909 maris
1345 3854 1374 3908 et

204 3948 329 4013 laminae
351 3947 427 4012 inter
448 3947 586 4011 homines
607 3965 696 4030 quarn
719 3947 796 4031 apud
819 3949 943 4026 bestias,
971 3970 1001 4032 p.
1025 3951 1054 4025 5,
1080 3951 1117 4014 10
1133 3967 1194 4031 stp,
1222 3967 1257 4012 ox
1278 3947 1372 4012 Ethic

204 4053 317 4118 Nicone.
333 4051 404 4128 l'lll,
428 4051 466 4116 11
481 4071 511 4135 p.
530 4051 601 4127 118,
623 4051 642 4114 3
658 4070 718 4135 sq.;
739 4051 866 4136 deniquo
880 4053 917 4117 de
932 4051 1126 4136 perpetuitate
1144 4049 1313 4116 animalium
1334 4041 1374 4116 oei

206 4147 278 4218 κατ’
298 4146 461 4240 ἀριθμόν,
486 4145 572 4218 ἀλλὰ
592 4149 678 4218 κατὰ
696 4148 737 4220 τὸ
755 4141 861 4232 εἶδος,
886 4176 915 4238 p.
935 4157 969 4231 5,
994 4155 1050 4230 tu,
1076 4155 1188 4221 elihro
1215 4155 1251 4220 de
1274 4173 1373 4237 gener.

207 4257 322 4320 animal.
337 4256 371 4330 ll,
394 4259 405 4318 l
426 4276 455 4338 p.
472 4259 531 4322 731
549 4268 621 4321 extr.
637 4258 727 4322 ueta.
742 4291 784 4305 -
814 4257 846 4320 ln
867 4258 914 4320 his
935 4260 1075 4325 omnibus
1091 4260 1283 4324 Philodemus
1302 4257 1374 4322 nihil

207 4357 327 4432 notant,
347 4357 404 4420 nisi
420 4360 500 4439 ‹puod
515 4359 598 4424 initio
618 4359 726 4426 dicitur
745 4355 809 4423 τῶν
828 4355 908 4445 περὶ
925 4357 1004 4439 τούς
1023 4353 1229 4448 ἀνθρώπους
1247 4351 1267 4446 ἡ
1288 4354 1374 4424 κατὰ

209 4461 345 4544 γυναῖκα
360 4453 474 4546 πρώτη
489 4454 679 4544 ἐπιμέλειαι
699 4464 890 4545 nequeenim
906 4483 984 4550 opus
999 4484 1065 4530 esse
1079 4467 1117 4530 ad
1137 4465 1214 4530 hene
1233 4463 1375 4546 beateque
