3092 4964
758 437 818 501 194

207 651 294 696 mes
309 632 482 712 impietatem
497 636 675 699 saetosam,
697 628 725 690 b.
740 647 766 691 e.
783 625 942 708 impietatis
962 623 1073 687 crimen
1093 626 1124 688 in
1140 645 1188 688 mc
1203 604 1369 689 coniectum

207 743 309 796 est-
320 729 491 796 biatthiaeus
507 737 614 804 autem,
629 729 679 810 qeri
695 725 834 811 σεμνούς
848 723 993 813 pepticas
1008 727 1167 790 consentit:
1182 747 1322 810 mepuom
1337 729 1371 790 dt

204 856 234 898 se
248 837 491 898 existimationem
506 837 699 910 eoueitumeet,
718 835 775 898 loci
791 833 936 896 rationem
951 850 1012 894 uon
1028 827 1100 893 satis
1117 839 1301 912 perspectam
1317 832 1371 893 ba·

205 937 306 1002 buisse
322 937 443 1000 ridetur.
487 936 553 999 Non
569 939 648 1001 enirn
664 939 701 1000 ete
715 955 821 1020 magna
836 933 1060 1006 existimatione,
1075 933 1129 997 sed
1144 934 1181 996 ete
1196 932 1255 996 vitii
1271 933 1372 1014 suspi-

206 1043 292 1106 cione
301 1042 400 1106 blesim
409 1039 548 1123 impetitur,
560 1039 716 1122 numisque
732 1039 895 1103 sententiae
911 1049 996 1102 tenor
1011 1036 1058 1100 bic
1072 1046 1126 1111 est,
1141 1051 1174 1100 ut
1188 1055 1307 1100 causam
1320 1055 1372 1098 ex·

206 1156 312 1229 psonat,
328 1165 380 1209 eur
394 1145 474 1208 toras
488 1163 648 1228 progressa
662 1144 715 1218 sit,
736 1153 840 1209 oonua
860 1142 969 1208 scilieet
989 1159 1078 1225 quam
1097 1139 1192 1222 ipsius
1213 1139 1329 1203 animus
1345 1146 1373 1200 ot

207 1248 321 1330 patrius
337 1269 417 1324 seros,
436 1248 546 1331 qnippe
561 1248 683 1312 tannae
702 1247 849 1322 mulieris,
865 1245 983 1310 terebat
1027 1243 1152 1326 Egressa
1173 1263 1250 1318 sum,
1269 1242 1375 1323 inquit,

207 1369 244 1414 ne
258 1371 313 1414 eos
328 1369 377 1414 mo
387 1351 570 1432 vituperetis:
586 1351 648 1416 scio
664 1351 742 1415 enim
757 1369 846 1433 quam
859 1349 990 1433 prompti
1001 1347 1140 1412 homines
1157 1347 1192 1411 ιιΙ
1206 1346 1375 1429 vituperan-

208 1452 279 1516 tium
294 1473 362 1518 osse
378 1453 491 1516 soieant
511 1473 659 1536 quamque
675 1453 756 1518 tacito
771 1453 837 1517 sitia
852 1451 935 1516 alteri
949 1454 1096 1532 attingant.
1124 1451 1190 1514 Duo
1205 1459 1302 1514 autem
1318 1469 1375 1531 po·

209 1555 356 1618 tissimum
377 1573 483 1637 genera
505 1555 641 1621 vitiorum
660 1567 888 1630 commemorat,
914 1575 948 1618 ea
966 1552 1091 1629 scilicet,
1116 1571 1243 1634 sparorum
1265 1551 1376 1616 crimen

210 1657 275 1732 sibi,
290 1657 315 1719 si
331 1675 392 1722 nou
407 1675 525 1738 egressa
541 1659 630 1732 toret,
652 1657 776 1722 mamma
792 1656 956 1721 timendum
973 1655 1065 1720 serisso
1079 1655 1207 1728 videbat,
1222 1653 1378 1737 superbiae

210 1770 260 1822 aut
280 1758 418 1839 igtraeiao.
463 1751 589 1841 Σιμνός
613 1769 711 1824 autem
737 1778 950 1843 saepenumero
977 1758 1136 1840 saeperbmu
1160 1756 1305 1840 significat
1329 1762 1379 1818 aut

210 1879 278 1924 eum
298 1861 348 1942 qui
366 1865 497 1926 attestata
519 1863 645 1944 quadam
665 1863 803 1944 gravitate
822 1871 852 1925 ot
871 1861 1020 1944 dignitatis
1040 1860 1238 1924 ostentatione
1257 1858 1379 1942 conspi-

212 1981 285 2026 cuus
300 1973 355 2026 est.
399 1966 483 2028 tuens.
500 1965 649 2049 ttippotpt
665 1985 692 2028 a.
708 1965 764 2040 92,
780 1985 867 2048 quom
883 1964 981 2027 locum
998 1963 1054 2026 iam
1071 1961 1225 2026 Elursleius
1246 1959 1380 2033 contulit,

212 2066 323 2147 μισεῖν
331 2062 371 2130 τὸ
385 2063 502 2147 σεμνὸν
517 2063 573 2130 καὶ
590 2063 630 2132 τὸ
642 2063 686 2153 μὴ
700 2069 807 2132 πᾶσιν
821 2057 927 2155 φίλαν,
944 2065 990 2130 cui
1007 2085 1076 2129 mox
1091 2085 1117 2128 ι.
1129 2066 1170 2130 ot
1182 2060 1221 2127 rei
1236 2053 1380 2149 εὐπροσ-

182 2187 197 2239 Ἰ
216 2162 335 2253 η’γορσν
348 2169 520 2251 opponitur.
565 2170 637 2234 teu.
654 2170 756 2234 bturet.
773 2172 838 2234 b'er.
852 2170 941 2234 beett.
955 2189 984 2251 p.
1000 2169 1162 2232 nativate.
1178 2177 1208 2232 et
1219 2167 1380 2250 spanhem.
1498 2189 1501 2196 ·

216 2273 262 2334 ad.
278 2273 428 2355 Aristopb.
445 2272 521 2334 Nnb.
536 2291 563 2336 a.
579 2273 629 2336 ts.

302 2375 384 2438 b'ors.
407 2375 486 2438 279:
517 2369 740 2457 ξυμβάλλεται
769 2373 806 2442 δὲ
833 2372 944 2442 πολλὰ
970 2373 1068 2441 τοῦδε
1094 2366 1262 2456 δείματος.
1307 2374 1381 2437 biat-

217 2477 331 2542 tbiaeus
351 2477 509 2560 genitivum
531 2487 685 2562 propterea
707 2480 838 2562 positum
859 2501 926 2544 esso
946 2479 1050 2556 credit,
1076 2478 1143 2561 quia
1163 2486 1265 2562 poeta,
1290 2495 1381 2558 quum

216 2575 441 2664 ξυμβάλλεται
455 2581 611 2658 scriberet,
632 2584 764 2666 cogitarit
788 2585 825 2648 de
839 2576 1065 2668 συνάρασθαι,
1085 2571 1384 2665 σσλλαμβᾶνεσθαί

215 2705 307 2762 τινος
320 2679 525 2772 πράγματος,
542 2687 696 2760 adiciente,
712 2688 848 2753 cuiusvis
865 2688 894 2752 iu
912 2679 1177 2771 συμβάλλεσθαι,
1194 2687 1330 2770 ecrescere
1345 2685 1384 2747 αιΙ
1454 2761 1457 2770 γ

217 2787 338 2871 σΙιάιιΙιΙ,
353 2789 574 2871 quodammodo
589 2788 668 2854 insit.
703 2791 790 2869 Quod
806 2801 960 2875 comparat
971 2790 1044 2854 traco
1058 2789 1135 2854 inter
1149 2809 1192 2863 se,
1209 2807 1270 2854 non
1286 2798 1384 2872 potest

215 2891 405 2974 reprehendi:
432 2893 523 2956 ιιισιΙσ
548 2913 585 2956 ne
604 2893 762 2976 genitivum
784 2895 820 2959 ad
840 2887 1098 2978 συμβάλλεσθαι
1113 2893 1245 2975 positum
1261 2913 1295 2956 ex
1311 2912 1384 2976 qua·

216 2995 285 3060 dane
309 2996 525 3078 permutatione
546 2997 677 3061 notionis
697 2999 901 3080 explicandum
921 3005 1064 3081 putasset.
1111 2997 1162 3060 [ist
1182 2995 1261 3059 enim
1282 2998 1384 3060 eadem

218 3096 374 3181 utrobique
393 3107 557 3162 structurae
577 3099 668 3174 ratio,
695 3110 727 3164 ut
745 3101 890 3182 genitivus
911 3099 1063 3184 partitis-us
1089 3098 1140 3174 sit,
1167 3101 1349 3182 pendeatque
1368 3119 1385 3164 a

219 3199 419 3264 subaudienda
433 3201 526 3281 partis
542 3201 673 3276 notione,
688 3202 937 3283 quemadmodum
954 3200 1059 3285 ipsein
1075 3202 1264 3283 grammatica
1276 3224 1305 3286 p.
1322 3203 1385 3268 633

219 3313 248 3366 et
262 3300 326 3366 62⁴
341 3303 451 3368 rectius
466 3323 556 3385 quam
573 3303 602 3366 iu
618 3315 778 3368 comment
794 3307 830 3370 ad
845 3307 875 3370 b.
891 3305 910 3369 1.
926 3304 1058 3387 exponit.
1101 3305 1221 3369 Mirifice
1237 3327 1299 3370 rem
1316 3325 1385 3390 per·

219 3405 318 3470 turbat
332 3407 499 3489 l’tiugkius,
521 3409 704 3472 contundens
720 3407 850 3492 primum
865 3407 1023 3490 blusgrmii
1039 3407 1181 3472 rationem
1198 3411 1385 3474 abtattbiaeo

220 3507 249 3572 in
270 3508 367 3593 prima
387 3509 594 3592 grammaticae
607 3510 735 3576 editione
760 3533 790 3596 p.
811 3513 872 3576 Ι3Ι
888 3512 1058 3594 adoptatam
1083 3529 1151 3575 cum
1171 3511 1274 3589 altera,
1295 3533 1384 3596 mam

219 3603 371 3697 διίτεραι
382 3603 557 3701 φρονιιίΙις
571 3607 762 3703 σοφώτεραι
775 3617 1012 3700 suppeditarunt,
1027 3618 1108 3696 (nam
1120 3615 1304 3699 biusgraeius
1318 3617 1384 3701 qui-

219 3715 288 3779 uem
302 3717 383 3781 Ιιιιιισ
398 3717 556 3798 genitivum
572 3729 725 3801 comparat
738 3739 806 3785 cum
821 3721 967 3785 eiusmodi
982 3719 1126 3804 exemptis
1141 3719 1225 3802 qualo
1239 3731 1287 3784 est
1302 3739 1385 3805 αρα-

219 3811 333 3906 φέρειν
346 3813 428 3885 tuot
438 3855 480 3868 --
495 3811 593 3908 ἔργου
607 3843 654 3905 ap.
671 3821 791 3888 ilesiod.
807 3823 843 3888 0.
858 3832 888 3888 et
901 3825 935 3888 D.
952 3845 978 3886 e.
997 3823 1067 3887 179.
1082 3818 1142 3887 τοῦ
1157 3819 1306 3907 πολέμου
1325 3845 1386 3888 κα-

218 3917 285 4000 λῶς
298 3914 538 3989 καθίστασθαι
553 3945 600 4008 op.
616 3925 711 3991 'l'buc
732 3927 786 4004 ΙΙΙ,
801 3927 843 3992 92
858 3938 888 3991 et
901 3927 1060 4002 similibus,
1076 3925 1106 3990 in
1121 3927 1287 4009 quibusvis
1301 3927 1385 4010 geni·

218 4023 269 4088 tivi
282 4025 356 4092 haec
368 4036 427 4104 est,
451 4037 485 4092 ut
499 4027 652 4094 notionem
668 4029 733 4095 eius
748 4029 794 4096 usi
813 4031 930 4096 additur
944 4028 1075 4095 vocabuli
1089 4031 1312 4112 quodammodo
1332 4031 1385 4095 de-

221 4127 303 4192 finiat
316 4141 547 4198 commemorate
566 4151 598 4198 ro
613 4133 649 4198 sd
666 4153 755 4218 quam
770 4133 817 4198 illa
832 4135 990 4218 pertineat,
1010 4155 1083 4218 quae
1103 4134 1145 4199 eis
1159 4155 1176 4199 a
1192 4135 1326 4219 partitiva
1342 4135 1385 4200 si·

222 4230 407 4313 unificatione
426 4253 497 4300 sane
511 4235 625 4302 diversa
639 4239 708 4319 est)
734 4236 802 4302 ιΙσὶα
828 4239 892 4322 ipse
912 4238 1102 4320 genitivuma
1125 4233 1236 4304 πολλά
1255 4239 1386 4322 pendam

220 4343 364 4414 statuens,
386 4346 420 4402 ut
434 4333 544 4404 πολλὰ
558 4335 658 4408 eecce
672 4333 832 4424 διλματσς
845 4335 1071 4427 συμβάλλεται
1089 4341 1246 4426 significet:
1275 4341 1386 4406 mattae

219 4437 309 4505 tem
322 4441 436 4506 umeris
450 4459 555 4510 σαιιισι
569 4448 760 4512 mansuem:
775 4445 860 4530 qussi
874 4439 1132 4530 συμβάλλεσθαι
1147 4446 1187 4511 sit
1197 4441 1216 4510 i.
1226 4463 1255 4528 q.
1270 4437 1386 4532 συνέρ-
