3092 4964
225 695 302 759 lieris
317 688 524 754 coniunctione
538 687 672 766 loginrus,
687 685 746 748 iam
757 684 823 748 alibi
832 693 951 748 tractata
959 695 1051 760 erant,
1065 695 1095 750 et
1105 695 1277 769 repetuntur
1288 695 1387 750 tamen

224 794 314 858 nihilo
330 792 428 854 minus
443 791 474 853 ia
489 786 699 861 oeconomico,
720 786 830 850 scilicet
848 787 915 868 quia
936 787 1050 851 adrem
1071 788 1217 868 pertinere
1230 789 1292 852 risa
1306 797 1386 862 sunt,

225 890 473 977 quemadmodum
488 908 551 953 non
566 889 665 952 minus
685 899 763 952 certe
790 888 825 951 ad
847 907 909 952 rem
929 888 1085 970 pertinuit,
1105 889 1155 952 ubi
1176 891 1213 953 de
1232 909 1387 954 servorum

226 993 397 1059 tractatione
412 990 649 1075 praecipiendum
666 999 738 1064 erat,
753 989 921 1052 servitutem
937 989 1033 1070 ipsam
1047 991 1170 1074 eiusque
1184 991 1242 1054 rim
1258 1001 1287 1056 et
1300 1003 1387 1058 natu·
1519 1033 1521 1037 -

226 1117 288 1161 ram
303 1094 462 1178 explicare:
482 1091 675 1176 qaaamubrem
698 1091 748 1172 qui
768 1091 805 1152 de
823 1092 913 1155 altero
932 1093 1086 1174 diligenter
1099 1095 1249 1176 exposuit,
1265 1095 1387 1158 alterum

226 1219 262 1264 ne
276 1198 365 1262 verita
380 1197 497 1280 quidem
514 1195 618 1276 letigit,
632 1212 693 1256 non
709 1192 817 1275 poterit
832 1211 893 1256 non
908 1195 1081 1278 inaequabili
1096 1196 1224 1281 quodam
1240 1207 1269 1261 et
1283 1199 1388 1262 incon·

226 1303 313 1367 stami
328 1300 452 1364 docendi
465 1317 569 1380 genere
583 1315 656 1362 usus
670 1315 737 1359 esse
752 1295 853 1359 rideri.
869 1330 912 1344 -·
927 1297 1057 1362 Brevitas
1075 1308 1172 1364 autem
1188 1319 1280 1382 qumn
1293 1299 1389 1364 ubivis

226 1423 357 1478 summa,
376 1414 438 1466 turn
459 1401 488 1464 in
509 1420 543 1463 ca
564 1399 753 1481 potissimum
774 1407 872 1480 parte,
893 1418 968 1481 quae
990 1401 1026 1464 dc
1046 1411 1186 1484 quattuor
1206 1402 1388 1467 oeconomici

226 1507 300 1569 circa
313 1505 391 1568 bona
407 1503 563 1588 uirtutibus
578 1501 646 1583 agit,
661 1509 740 1563 mnu
754 1509 813 1576 cst,
833 1510 867 1564 ut
881 1502 1019 1584 pleraque
1033 1513 1186 1586 praecepta
1201 1504 1390 1587 perobscura,

227 1607 324 1671 omnis
340 1615 438 1669 autem
454 1605 503 1668 laic
516 1605 600 1667 locus
615 1621 741 1686 prorsus
757 1620 881 1667 maneus
900 1615 988 1686 utque
1002 1604 1191 1687 imperfectus
1205 1604 1263 1669 dici
1277 1605 1389 1683 debeat,

226 1711 398 1792 praesertim
414 1706 440 1770 si
456 1706 522 1787 quis
539 1723 607 1768 eum
623 1715 775 1788 comparet
790 1726 857 1770 cum
873 1707 938 1778 illis,
952 1726 1026 1788 quae
1042 1707 1072 1770 in
1086 1706 1216 1771 Politicis
1228 1707 1278 1771 lib.
1296 1709 1310 1771 1
1325 1728 1390 1791 cap.
1525 1781 1526 1784 Ἴ

226 1813 256 1878 ³.
271 1814 291 1875 l
307 1811 401 1875 multo
416 1807 567 1892 copiosius
587 1817 616 1871 et
630 1809 794 1873 accuratius
815 1809 1012 1874 disseruntur.
1042 1809 1120 1873 Nihil
1139 1811 1218 1874 enim
1238 1811 1268 1874 in
1282 1811 1341 1876 boe
1354 1812 1390 1875 li-

225 1914 301 1979 bello
317 1915 353 1978 de
367 1907 522 2000 κτητικῆς
530 1911 640 1974 ambitu
652 1921 683 1974 et
694 1931 709 1974 a
721 1913 906 1995 quaestuaria
922 1909 1198 2001 (χρηματιστικῇ)
1213 1914 1392 1991 discrimine,

152 2093 155 2100 1
226 2037 312 2100 quam
328 2016 414 2079 multi
425 2025 533 2078 temere
545 2015 753 2078 oeconomicae
763 2023 888 2097 partem,
904 2025 931 2078 el
944 2017 1132 2099 praecipuam
1144 2016 1272 2098 quidem,
1288 2019 1392 2083 iecisse

227 2121 257 2183 in
278 2117 408 2183 Politicis
429 2117 578 2180 dicuntur:
602 2117 674 2179 nillil
694 2117 731 2180 de
749 2117 836 2180 variis
856 2116 1005 2181 bonorum
1031 2118 1201 2200 generibus,
1225 2113 1391 2203 practerea

227 2241 376 2305 quaecap.
391 2220 411 2282 2
426 2237 455 2300 p.
472 2219 507 2292 l,
533 2218 695 2293 lio-M
719 2219 803 2300 quasi
823 2219 853 2282 in
879 2229 1052 2284 uanseursu
1078 2221 1274 2303 attinguntur,
1299 2242 1390 2304 qnum

228 2323 339 2386 multus
354 2322 390 2384 de
405 2321 451 2384 iris
466 2321 505 2382 sit
519 2320 689 2384 Aristoteles
704 2321 734 2382 in
749 2321 895 2384 Politicis:
916 2321 987 2385 oluit
1002 2320 1129 2406 denique
1148 2326 1185 2388 de
1200 2334 1280 2389 rectu
1295 2324 1392 2388 bono·

229 2441 481 2504 cunimundum
498 2433 593 2484 umen
608 2421 757 2485 Aristoteli
767 2416 807 2486 τό
822 2415 1016 2508 χρήσασθαι
1031 2424 1124 2488 multo
1140 2425 1233 2507 magis
1249 2426 1286 2490 ad
1302 2446 1393 2490 eece·

230 2527 362 2588 nomiam
382 2524 527 2606 pertinere
547 2523 641 2586 risum
662 2523 701 2586 sit
715 2541 802 2604 quam
822 2519 863 2588 td
876 2515 1104 2606 πορίσασθαι,
1119 2525 1206 2589 Pelit.
1222 2527 1244 2602 l,
1259 2528 1279 2591 3
1295 2547 1325 2609 p.
1346 2529 1393 2601 12,

229 2627 280 2690 28.
307 2625 382 2688 Nolo
398 2625 452 2689 alia
467 2643 639 2688 enumerare
650 2624 680 2687 in
696 2625 799 2688 celeris
815 2625 961 2707 partibus,
976 2624 1135 2708 dequibus
1150 2647 1241 2708 quum
1257 2628 1286 2690 in
1303 2648 1393 2691 oeco-

228 2728 344 2791 nomica
359 2728 515 2791 dicendum
532 2727 623 2790 luisse
638 2736 667 2789 et
682 2744 729 2789 res
746 2727 809 2808 ipsa
824 2736 854 2791 et
867 2745 972 2790 eorum
988 2747 1063 2810 quae
1077 2729 1108 2792 in
1119 2727 1250 2792 Politicis
1261 2729 1393 2793 deliban-

176 2841 209 2894 tt
233 2841 279 2894 tur
293 2831 475 2912 comparatio
490 2830 606 2904 doceat,
621 2829 696 2891 nulla
713 2840 811 2892 tamen
831 2829 861 2892 in
881 2839 986 2892 nostro
1006 2829 1103 2892 libello
1118 2850 1155 2894 nc
1170 2831 1260 2894 verbo
1275 2833 1392 2913 quidem

231 2945 318 2996 tenus
334 2932 445 2996 mentio
461 2935 502 2996 lat.
532 2932 606 2994 Nam
623 2931 668 2994 uel
680 2931 740 3006 illa,
758 2949 832 3012 quae
848 2932 1087 3008 commemoravi,
1102 2933 1247 2997 eiusmodi
1262 2954 1329 2998 esse
1344 2953 1393 2998 ar·
1473 2980 1476 2987 ·

230 3035 338 3109 bitror,
357 3053 432 3117 quae
448 3035 474 3096 si
493 3034 560 3116 quis
581 3034 679 3097 emnia
698 3033 891 3116 reputaverit,
911 3051 1090 3115 omnemque
1113 3033 1198 3098 libelli
1219 3038 1345 3100 lerinam
1365 3048 1395 3100 et

232 3137 479 3218 compositionem
495 3135 736 3211 consideraverit,
750 3134 830 3199 facile
845 3135 880 3198 iis
892 3135 1019 3212 accedat,
1035 3136 1084 3217 qui
1100 3137 1136 3200 ab
1148 3137 1305 3202 llristetele
1316 3140 1395 3202 bunc

233 3238 456 3302 abiorlicanduna
467 3256 533 3300 esse
544 3247 730 3300 consuerunt.
760 3238 854 3320 Atque
865 3256 920 3318 ego
932 3237 1059 3318 quidem,
1071 3257 1161 3319 qurum
1174 3240 1303 3322 pariorum
1316 3242 1395 3306 lrunc

110 3375 111 3378 =
234 3340 459 3404 oeconomicum
480 3340 671 3420 perlegerem,
690 3339 720 3402 in
737 3357 800 3403 eam
816 3338 914 3404 statim
935 3340 1133 3405 coniecturam
1149 3343 1246 3418 incidi,
1261 3354 1293 3408 ut
1304 3345 1394 3410 disci·

234 3443 294 3526 puli
310 3442 434 3506 alicuius
449 3442 689 3526 scriptiunculam
710 3441 783 3506 mibi
801 3443 895 3524 legere
913 3443 1040 3522 viderer,
1061 3444 1112 3526 qui
1132 3463 1206 3527 quae
1220 3447 1394 3528 magistrum

235 3547 390 3612 docentem
409 3545 558 3610 audiverat
577 3564 632 3628 pro
654 3555 741 3628 captu
757 3565 812 3610 sue
834 3545 1004 3611 summatim
1020 3546 1050 3610 in
1066 3547 1196 3613 chartam
1212 3550 1396 3628 coniecisset,

232 3650 296 3714 aliis
308 3649 434 3715 breviter
448 3649 627 3733 sigrrilicatis,
643 3648 705 3714 aliis
721 3650 952 3733 praetermissis,
971 3650 1035 3716 aliis
1055 3652 1152 3736 praullo
1167 3654 1332 3720 accuratius
1347 3676 1395 3720 re·

233 3753 340 3835 petitis,
356 3764 446 3838 prom
459 3753 587 3836 quidque
605 3764 657 3818 aut
669 3754 851 3837 percepisset
869 3765 919 3820 aut
933 3754 1126 3820 meminisset
1154 3757 1192 3820 Et
1205 3774 1284 3821 nunc
1297 3758 1396 3834 etiarn,

231 3857 327 3922 libello
347 3858 505 3922 identidem
525 3859 648 3932 relecto,
669 3866 719 3922 aut
739 3857 910 3922 huiusmodi
928 3858 1169 3940 scriptiunculam
1189 3856 1395 3926 scholasticam

233 3980 299 4025 esse
314 3962 413 4034 medo,
428 3972 487 4037 aut,
503 3961 530 4026 si
544 3981 562 4027 a
577 3959 719 4043 magistro
734 3961 890 4044 scriptam,
906 3970 983 4026 certe
993 3961 1066 4025 aluit
1081 3960 1157 4024 aliud
1174 3980 1262 4044 quam
1277 3961 1396 4028 brevem

234 4065 379 4144 quendam
393 4074 421 4128 et
437 4065 610 4130 subitarium
625 4055 935 4152 irreprpperrtcpdr,
957 4064 1113 4147 praecipua
1128 4081 1228 4129 rerum
1244 4067 1339 4150 capita
1352 4065 1396 4132 le-

233 4165 307 4228 niter
320 4165 557 4244 adumbrantem,
581 4169 619 4232 de
637 4166 744 4252 quibus
763 4167 807 4231 vel
823 4167 966 4231 inscbola
980 4167 1024 4231 vel
1040 4166 1117 4231 iusta
1131 4167 1293 4252 scriptione
1307 4188 1397 4235 acm·

234 4265 327 4330 ratius
341 4267 544 4336 disserendum
558 4281 654 4349 esset3
667 4272 770 4356 quales
787 4259 1108 4357 irrupeqperroproaic
1121 4289 1214 4355 mum
1228 4272 1266 4336 ab
1279 4272 1397 4337 bristo·

235 4369 289 4434 tele
304 4379 367 4435 tnm
381 4369 418 4436 ab
432 4373 495 4438 aliis
514 4373 633 4440 relictos
653 4394 720 4440 esse
740 4383 864 4440 conatu.
903 4373 948 4439 Ci.
967 4378 1003 4441 Α.
1022 4374 1126 4453 suar,
1145 4373 1311 4440 bristotdia
1325 4374 1352 4438 ll
1366 4396 1396 4458 p.

234 4473 308 4542 tta.
338 4475 557 4561 Uuumcunquc
571 4492 670 4544 autera
684 4487 739 4556 est,
755 4497 793 4544 oe
806 4479 846 4544 ita
861 4477 980 4563 quidem
993 4478 1173 4557 Aristotelio
1187 4479 1240 4544 sed
1255 4479 1396 4546 alterutro
