3106 4958
725 467 767 530 tt

647 561 741 571 ...ν-..-
757 557 803 566 ..-

115 659 117 666 ’
167 677 225 722 usu
244 666 296 722 aut
315 669 421 722 ornatu
440 657 727 722 commendationem
746 655 853 718 babere
868 657 1031 728 rideantur,
1051 655 1216 717 accuratius
1232 667 1329 716 tamen

168 761 345 826 examinanti
363 761 469 844 aliquid
489 761 619 844 scrupuli
639 758 775 824 inliciant
819 762 912 842 litque
932 779 966 822 ιιι
986 759 1045 822 laec
1058 777 1165 840 genere
1179 777 1233 836 ego
1254 757 1331 820 Ιιιιιιι

169 875 281 948 partem
296 865 393 930 lliadis
408 885 475 929 esse
488 865 548 942 aio,
567 866 604 927 de
619 883 676 946 qua
690 862 786 926 ‹tteaee
799 881 963 946 coeperam,
979 880 1054 946 quae
1070 880 1162 944 quum
1178 860 1328 924 Nitzsrlrio

169 979 201 1032 ιιι
215 982 334 1052 perapta
353 979 382 1033 et
400 970 536 1052 populari
554 967 660 1032 rationi
678 965 812 1050 apprime
831 968 1006 1031 conueniens
1022 984 1200 1047 niagnopere
1219 964 1329 1048 probe·

168 1084 229 1148 tur,
244 1073 316 1138 milri
331 1092 392 1137 non
409 1073 498 1137 modo
514 1083 635 1156 propter
653 1091 717 1146 eas,
731 1089 804 1152 qnos
820 1071 908 1152 tetigi,
923 1071 1052 1134 rationes
1068 1069 1253 1133 veliementer
1266 1069 1330 1131 alis·

170 1177 264 1259 plicet,
278 1179 328 1240 sod
344 1176 430 1240 etiam
446 1188 567 1261 propter
581 1177 651 1240 alias
666 1175 807 1260 quasdam
823 1176 1013 1239 ollensiones.
1044 1173 1154 1237 llantur
1170 1191 1227 1236 una
1241 1173 1329 1236 etiarn

170 1290 280 1344 neuros
294 1281 411 1345 criticos
427 1298 488 1344 non
503 1281 610 1345 leiellit:
626 1279 831 1362 Pylaemenem
851 1281 932 1355 dico,
952 1278 1179 1344 nudiustertius
1194 1299 1211 1340 a
1226 1276 1326 1340 liene·
1351 1283 1384 1336 tt

168 1385 216 1448 lao
238 1394 267 1449 et
281 1385 436 1450 tndtoebo
455 1385 654 1458 interiectum,
670 1382 701 1459 ll,
716 1383 793 1457 578,
814 1402 894 1448 nunc
912 1392 1009 1447 autem
1026 1382 1074 1446 ulit
1090 1382 1136 1446 sui
1156 1382 1244 1446 lunus
1262 1401 1330 1444 euru

168 1489 295 1553 lacrimis
312 1500 547 1571 prosequentem,
564 1489 637 1562 Xlll,
653 1487 725 1552 358.
741 1487 775 1550 9:
791 1487 846 1550 nisi
862 1487 927 1569 quis
943 1490 1018 1551 torte
1032 1487 1068 1550 iis
1083 1487 1170 1550 iidem
1185 1486 1330 1567 adiungat,

169 1591 219 1674 qni
238 1592 314 1655 duos
334 1591 520 1674 Pylaemenes
540 1591 569 1656 ln
589 1591 716 1656 exercitu
731 1591 822 1654 luisse
835 1601 982 1666 statuunt,
1002 1601 1052 1654 aut
1071 1590 1124 1652 alia
1140 1589 1226 1672 longe
1246 1589 1330 1670 inep-

169 1695 244 1759 tiora
274 1695 547 1760 comminiscuntur.
602 1697 675 1760 Nam
698 1695 734 1759 ab
760 1695 968 1779 interpolatore
1001 1695 1077 1757 alnos
1105 1713 1224 1768 versus,
1256 1692 1329 1764 Xlll,

170 1799 241 1874 658,
257 1797 286 1876 9,
305 1799 434 1864 adieetos
454 1800 531 1864 credi
546 1801 593 1863 rix
608 1799 719 1874 licebit,
738 1798 876 1880 quoniam
897 1800 973 1863 neella
993 1819 1031 1862 ue
1050 1798 1194 1862 levissima
1210 1795 1329 1879 quidem

170 1920 256 1965 rausa
276 1901 339 1964 talis
359 1902 591 1984 interpolationis
610 1902 765 1982 excogitari
785 1910 890 1983 potest.
934 1903 1022 1981 llagis
1043 1902 1199 1975 ιιιιιιιιιι,
1219 1900 1244 1962 ιι
1263 1900 1329 1980 quis

169 2023 223 2067 eos
243 2021 345 2066 versus
365 2003 472 2078 eiiciat,
492 2004 542 2084 qui
557 2012 628 2066 sunt
641 2003 677 2065 de
694 2004 840 2084 Neptuno,
855 2002 930 2077 Xlll,
951 2003 1096 2076 18-38,
1112 2013 1145 2064 ιιι
1159 2013 1228 2083 post
1242 2001 1330 2063 rerba

159 2100 317 2189 ,κραιπνὰ
338 2100 422 2169 ποσὶ
445 2100 614 2188 προβιβάς
632 2106 731 2168 ιιιιιιιι
747 2115 886 2186 sequatur
906 2097 926 2167 ὁ
948 2097 982 2167 d‘
995 2095 1049 2187 ἄρ’
1071 2100 1105 2180 ἐς
1126 2099 1269 2184 στρατὸν
1283 2112 1333 2166 aut

169 2208 257 2272 etiam
271 2201 356 2286 τάχα
379 2199 413 2270 d’
424 2201 459 2284 ἐς
473 2203 613 2292 στρατὸν
631 2197 726 2292 ᾤχετ’
739 2201 891 2288 Ἀχαιῶν.
937 2207 1009 2270 Natu
1026 2225 1107 2270 nunc
1120 2207 1276 2290 Neptunus
1290 2241 1332 2254 -

170 2329 242 2392 pam
257 2311 415 2373 maiestatis
435 2311 498 2373 olus
518 2310 641 2373 dixerim
657 2344 699 2356 ·-
714 2309 803 2373 niruis
823 2329 854 2372 sc
874 2311 1007 2390 inoptam
1028 2310 1160 2391 praebet,
1176 2310 1332 2390 quiquam

171 2414 253 2475 oanni
273 2413 364 2476 modo
381 2431 483 2476 carere
503 2413 634 2487 doleret,
653 2430 690 2474 ne
709 2432 725 2475 a
745 2413 812 2474 lore
826 2413 1117 2485 animadverteretur,
1138 2423 1219 2475 tanto
1236 2422 1332 2475 tanteu

172 2534 240 2578 cunr
267 2516 391 2597 strepitu
413 2515 532 2590 incedit,
558 2526 590 2578 ut
610 2525 727 2578 montes
747 2515 893 2597 silvaeque
917 2517 1136 2586 concutiantur,
1162 2515 1245 2596 qrrasi
1265 2533 1333 2576 aero

172 2619 270 2680 lovem
293 2618 416 2680 surdum
437 2619 545 2680 lactum
570 2617 700 2700 nihilque
719 2635 876 2680 sensurum
897 2619 1034 2681 considat.
1083 2618 1192 2680 lleinde
1212 2617 1333 2680 Troiam

173 2720 343 2800 properanti
363 2719 432 2801 quid
453 2739 529 2800 opus
554 2720 607 2781 luit
627 2721 718 2800 degas
737 2731 804 2782 ιιιιι
824 2721 917 2794 adire,
942 2721 1040 2802 ibique
1059 2729 1146 2783 curru
1167 2737 1332 2782 conscenso

173 2822 325 2902 rnagnilice
345 2840 399 2904 per
417 2841 528 2903 aequor
547 2820 674 2885 uectari?
719 2821 825 2884 Narone
850 2822 898 2904 qui
920 2823 1012 2885 trilius
1032 2823 1169 2903 passibus
1188 2843 1204 2885 a
1225 2822 1332 2885 Samo-

172 2925 272 2988 tbrace
282 2925 375 3006 degas
391 2925 531 3007 peruenit,
546 2925 632 2987 etiam
644 2924 831 3005 paucioribus
847 2925 983 3011 passibus
994 2924 1113 2986 Troiam
1130 2923 1334 3008 paenam?

172 3029 216 3090 dn
232 3045 308 3108 opus
331 3026 385 3090 luit
399 3027 542 3100 velaieulo,
558 3027 653 3109 quod,
676 3027 723 3089 ubi
740 3027 869 3094 advenit,
889 3027 919 3088 in
940 3027 1036 3089 littore
1055 3027 1229 3090 collocatum
1244 3027 1333 3091 relin-

172 3129 248 3212 quit,
267 3129 331 3210 ipso
350 3139 447 3192 autem
468 3129 592 3213 pedibus
614 3129 643 3192 in
661 3139 755 3192 castra
771 3130 949 3192 Graecorum
966 3129 1073 3211 pergit,
1091 3128 1188 3212 ibique
1207 3131 1335 3194 bumana

172 3235 265 3296 lorma
285 3243 436 3315 assumpta
456 3232 657 3296 laborantibus
684 3229 850 3295 succurrit?
898 3231 1026 3314 lienique
1052 3245 1162 3313 pugnat
1181 3233 1269 3296 etiam
1290 3233 1336 3296 bic

170 3336 255 3398 loeus
273 3353 339 3398 cum
351 3354 377 3398 r.
394 3334 467 3409 352,
482 3336 532 3398 ubi
547 3334 701 3416 Neptunus
713 3335 843 3397 Graecos
858 3335 967 3398 adiisse
986 3334 1093 3397 dicitur
1106 3329 1217 3420 λάθρῃ
1235 3326 1337 3413 irre}

172 3432 294 3513 ovata,-
315 3433 438 3522 πολιῆς
456 3428 552 3514 etde:
572 3455 640 3500 nam
660 3437 709 3518 qul
725 3445 784 3500 tam
805 3437 959 3516 magnifiee
973 3456 1027 3519 per
1041 3454 1152 3520 aequor
1166 3447 1266 3500 rectus
1280 3446 1335 3500 est.

172 3539 218 3602 cui
238 3540 344 3603 duetus
370 3540 506 3603 radentes
525 3539 601 3603 aiam
628 3549 819 3621 aperuerunt,
844 3559 933 3623 quem
952 3541 1063 3603 belluae
1089 3541 1219 3604 marinae
1238 3540 1335 3603 exsul·

171 3649 266 3704 tontes
293 3659 362 3723 prae
387 3641 493 3705 laetitia
511 3652 545 3706 ιιι
569 3642 724 3705 dominum
747 3661 834 3706 snum
856 3643 1125 3719 consalutaverunt,
1151 3644 1176 3707 is
1203 3645 1335 3726 prolecto
1391 3701 1394 3706 .

172 3743 334 3807 clanculum
351 3762 366 3806 e
381 3743 455 3806 mari
469 3745 626 3808 emersisse
640 3743 721 3807 nullo
741 3745 833 3806 modo
848 3745 904 3807 dici
923 3745 1031 3808 debuit.
1075 3750 1132 3810 dut
1147 3746 1172 3808 si
1188 3745 1254 3826 quis
1269 3764 1336 3807 ver·

171 3864 238 3909 snm
255 3845 331 3922 352,
349 3854 520 3926 ceterosque
541 3866 557 3910 ι
573 3845 635 3910 345
656 3847 692 3908 ad
709 3845 785 3920 330,
805 3845 842 3908 ab
857 3845 1065 3926 interpolatore
1084 3847 1211 3910 insertos
1227 3847 1335 3922 credat,

172 3968 248 4030 quae
263 3945 402 4011 Nitascleii
417 3946 562 4011 sententia
577 3957 636 4024 est,
652 3966 681 4030 p.
696 3947 774 4020 286,
790 3956 867 4010 turta
882 3947 966 4022 lulra,
982 3949 1040 4023 llll,
1055 3949 1133 4023 tta,
1157 3947 1336 4030 Neptunum,

172 4067 264 4130 quum
283 4048 360 4112 loris
385 4047 468 4112 iussu
488 4049 596 4113 inritus
614 4049 727 4134 proelio
742 4047 868 4123 exoedlt,
887 4049 1010 4113 vehiculi
1030 4049 1075 4112 sui
1097 4051 1220 4114 olditum
1236 4053 1335 4116 statim

172 4150 246 4214 mari
272 4169 304 4215 se
328 4151 456 4215 condere
480 4151 625 4217 ridemus.
676 4155 861 4234 Quamquam
886 4149 964 4215 banc
988 4152 1107 4234 quidem
1134 4171 1195 4217 non
1222 4155 1337 4230 miram,

172 4253 265 4318 immo
285 4251 457 4318 laudabilem
477 4254 579 4337 potius
598 4265 703 4339 poetae
722 4253 902 4319 reticentiam
921 4275 989 4318 esse
1003 4256 1110 4330 lateor,
1129 4259 1209 4338 quod
1225 4258 1335 4321 morari

172 4357 222 4420 illo
243 4357 307 4421 loco
328 4355 358 4420 in
378 4356 508 4420 minutae
521 4357 563 4421 rei
578 4359 745 4423 narratione
759 4357 900 4421 noluerit:
921 4357 992 4421 nihil
1007 4357 1086 4422 enim
1104 4377 1182 4442 opus
1198 4360 1251 4423 tuit
1265 4379 1336 4423 cnr·
1412 4443 1414 4446 Ι

172 4477 240 4527 rum
255 4460 294 4526 ibi
309 4459 550 4536 commemoraria
568 4461 621 4525 ιιι
636 4462 728 4525 multo
743 4461 842 4524 minua
857 4479 947 4543 supra
961 4460 1029 4544 ipso
1049 4479 1138 4526 cunu
1153 4481 1230 4548 opus
1245 4463 1336 4528 luisse
