3078 4954
150 651 187 715 Et
201 651 259 714 lroc
272 645 358 734 πρὸς
379 641 516 734 πέτραις
530 638 679 730 ὀχμάσαι
700 637 736 708 έν
756 639 903 727 πέτραις,
925 642 965 707 ed
980 660 1090 725 rupes
1104 642 1142 705 al
1144 639 1258 722 ligere
1273 639 1312 702 in

148 753 315 835 rupibus,
334 752 509 834 signiticabit
523 749 682 814 Wieselero
702 749 871 829 interprete:
891 748 926 811 ad
942 765 1034 828 rupes
1050 745 1087 808 ita
1101 746 1220 825 ailigere
1235 741 1312 806 alte·

149 873 225 929 rum,
239 864 272 918 ut
286 855 311 918 is
323 855 409 919 simul
424 855 510 918 etiam
525 853 657 918 inclusus
672 851 702 915 in
716 851 839 934 rupibus
853 850 883 912 lr.
896 870 922 914 e.
933 850 965 913 in
979 848 1078 930 aliquo
1093 847 1172 911 hiatu
1187 845 1311 928 rupium

118 985 123 996 ¹
149 957 248 1022 lateat!
263 993 307 1006 -
321 959 401 1022 'lalie
418 958 444 1022 si
459 968 509 1021 ant
524 973 584 1020 non
603 966 778 1038 assequutus
794 962 844 1017 eut
857 952 1043 1016 abominatus
1062 951 1165 1034 uliquis
1179 949 1217 1013 ad
1232 965 1310 1012 con·

149 1061 289 1126 lecturam
303 1060 436 1144 quamvis
450 1059 588 1124 audacem
603 1058 799 1138 confugisset,
819 1074 1008 1139 summopere
1022 1055 1219 1118 laudaremus.
1249 1052 1310 1116 Sed

149 1182 332 1246 nequaquam
348 1173 445 1227 tamen
460 1162 634 1228 scholiastae
648 1162 723 1226 illius
737 1161 891 1224 lectionem
907 1179 942 1222 ex
956 1157 1127 1222 huiusmodi
1142 1155 1311 1219 coniectura

151 1277 249 1330 ortem
272 1286 338 1330 esse
363 1283 533 1330 censemus:
558 1267 732 1348 impressam
756 1264 836 1328 enim
859 1263 947 1327 hahet
966 1260 1159 1326 certissimam
1179 1259 1310 1322 ueritatis

151 1378 266 1444 notam,
285 1377 389 1451 estque
407 1368 485 1432 hond
506 1367 593 1432 dubie
612 1387 647 1432 ex
666 1367 839 1449 incorrupto
859 1365 988 1448 quodam
1007 1364 1119 1427 lahulae
1133 1363 1310 1444 heschplme

82 1495 84 1502 ’
151 1473 285 1554 exemplo
305 1480 457 1554 prompta:
482 1471 555 1534 haec
573 1480 688 1546 contra,
712 1489 787 1552 quae
807 1468 838 1532 in
857 1466 968 1531 nostris
989 1466 1139 1531 codicibus
1163 1465 1309 1547 leguntur,

150 1573 250 1656 inepte
274 1575 434 1656 excogitata
460 1573 590 1638 suntad
615 1573 787 1656 explendam
813 1571 959 1654 depravati
986 1569 1096 1634 codicis
1121 1568 1309 1650 scripturam.

150 1676 225 1741 llam
246 1677 373 1760 primum
393 1667 429 1740 ἐν
449 1669 623 1761 ἀρρήκτοις
643 1669 797 1757 πέτραις,
827 1691 882 1757 pro
906 1667 1045 1750 πέδαις,
1072 1672 1215 1754 scriptum
1240 1681 1311 1746 erat,

151 1796 252 1842 errore
266 1779 400 1861 procliui,
419 1789 449 1840 et
464 1777 493 1840 in
509 1775 659 1840 Weilaneri
680 1777 767 1840 etiam
787 1775 976 1840 annotatione
996 1775 1031 1838 ad
1047 1775 1076 1838 h.
1091 1773 1111 1838 l.
1131 1775 1311 1838 commisso:

151 1879 256 1942 deiude
275 1879 369 1943 media
386 1896 487 1941 sersus
507 1896 576 1959 pers
593 1877 692 1960 aliquo
712 1896 782 1941 casu
805 1876 980 1951 oblitterata,
995 1885 1028 1938 ut
1041 1877 1095 1956 legi
1110 1893 1171 1938 uon
1187 1885 1312 1956 possent

151 1979 209 2043 nisi
236 1981 321 2044 haec:
348 1971 531 2060 ddepeorrlr
556 2013 597 2024 -
623 2011 666 2026 -
691 1971 726 2040 έι
748 1969 926 2062 ἀρρήκτοις
951 1973 1102 2062 πέτραιςι
1129 1976 1255 2058 denique
1281 1976 1312 2040 in

152 2081 286 2164 margins
304 2081 485 2164 adscriptum
506 2073 641 2156 πέδαις,
661 2097 722 2160 quo
741 2079 852 2143 scilicet
869 2079 938 2143 illud
954 2073 1095 2161 πέτραις
1104 2079 1312 2160 corrigeretur.

153 2183 218 2248 lloc
237 2194 339 2267 postea
354 2193 503 2256 corrector
521 2183 597 2246 mule
615 2182 726 2246 abusus
741 2191 786 2244 est
800 2179 837 2244 ed
852 2181 1023 2263 explendam
1039 2182 1188 2256 lacunam,
1201 2192 1231 2243 ct
1245 2181 1314 2245 lrinc

151 2296 324 2351 nostrorum
337 2286 473 2350 codicum
483 2285 624 2349 lectiones
639 2294 722 2348 ortne
732 2293 811 2348 sunt
821 2319 865 2330 -
881 2284 962 2359 Quee
975 2294 1072 2347 antem
1089 2285 1210 2366 protulit
1227 2303 1313 2366 prae-

152 2398 231 2453 terea
256 2389 434 2454 Wieselerus
466 2388 502 2453 ed
532 2389 768 2452 emendationem
793 2387 903 2450 scilicet
933 2405 1017 2450 suam
1046 2387 1312 2469 comprobandam:

152 2491 258 2568 „videri
274 2493 483 2558 Prometheum
503 2492 533 2556 in
552 2490 649 2575 aliquo
669 2492 751 2574 rupis
772 2490 851 2554 hiatu
872 2491 1002 2572 positum
1018 2490 1109 2554 luisse
1124 2489 1177 2566 ita,
1195 2499 1228 2553 nt
1242 2510 1311 2573 pars

153 2605 266 2660 tantum
283 2595 417 2676 corporis
432 2595 611 2676 promineret
622 2605 651 2658 et
665 2594 695 2658 in
711 2605 904 2678 conspectum
920 2594 1041 2668 reniret,
1055 2613 1180 2676 eamque
1193 2605 1312 2657 senten-

151 2698 221 2761 tiam
242 2697 357 2778 egregie
373 2698 516 2779 quadrare
530 2698 566 2761 ed
587 2697 632 2771 id,
651 2697 730 2780 quod
747 2697 881 2778 pluribus
900 2698 937 2758 de
956 2697 1052 2760 causis
1067 2716 1123 2778 pro
1139 2708 1220 2760 certo
1234 2695 1312 2761 sumi

153 2800 259 2882 possit.
275 2800 442 2863 Promethei
458 2788 613 2882 imaginem
628 2800 772 2882 quendam
788 2799 912 2880 ligneam
929 2800 1022 2862 oculis
1036 2817 1158 2874 eorum,
1174 2801 1223 2882 qui
1243 2819 1313 2882 spe·

154 2911 275 2978 ctarent,
291 2901 449 2966 subiectum
464 2903 570 2967 luisse:
587 2920 678 2985 posse
691 2902 769 2965 enim
785 2903 886 2976 statui,
906 2901 983 2965 hanc
1003 2901 1159 2982 imaginem
1174 2901 1213 2968 iu
1228 2921 1312 2967 eom·

154 3015 283 3087 paratam
300 3004 407 3080 luisse,
426 3015 460 3069 ut
480 3006 542 3069 sola
557 3005 686 3069 anterior
701 3023 768 3086 pars
782 3005 910 3068 exhibitu
925 3013 1012 3080 esset,
1026 3015 1058 3068 nt
1073 3005 1109 3080 is,
1124 3005 1174 3086 qui
1190 3006 1313 3069 Prome·

154 3107 253 3171 theom
274 3107 388 3188 egelrat,
408 3125 471 3171 non
492 3107 521 3171 iu
541 3127 591 3184 ea,
610 3108 662 3171 sed
682 3127 759 3190 poue
779 3127 842 3172 oum
864 3107 893 3175 in
918 3108 997 3170 hiatu
1017 3107 1102 3190 rupis
1121 3116 1314 3184 t·ersaretur,“

154 3212 226 3275 haec
240 3229 320 3276 nunc
335 3210 498 3276 accuratius
512 3211 677 3275 examinare
696 3228 757 3275 non
772 3212 855 3275 libet:
876 3221 904 3273 ct
919 3229 971 3274 cnr
990 3211 1119 3290 ligneum
1134 3211 1203 3276 illud
1220 3212 1312 3276 simu·

154 3315 273 3389 lacrum,
288 3315 324 3378 de
339 3333 397 3396 quo
413 3313 455 3378 illi
471 3333 532 3378 non
547 3315 740 3378 dubitandum
755 3315 880 3390 ridetur,
896 3313 967 3376 mihi
983 3333 1087 3396 pamm
1104 3316 1242 3398 placeret,
1256 3316 1314 3380 diri
1404 3319 1406 3322 ’

154 3417 184 3481 in
204 3419 422 3500 prolegomenis
439 3418 575 3482 editionis
595 3437 677 3481 meac
698 3439 727 3500 p.
742 3417 794 3483 85.
810 3417 859 3482 86.
903 3418 967 3480 lloc
986 3429 1158 3481 tamennon
1174 3420 1316 3500 gravabor

23 3597 25 3600 Ι
154 3520 300 3600 prolltori,
321 3521 347 3583 si
367 3521 452 3584 inerit
473 3521 529 3584 telo
544 3521 748 3595 simulacrum,
767 3520 851 3584 malle
865 3539 912 3583 ure
927 3521 956 3584 id
971 3521 1000 3583 in
1015 3521 1100 3602 rupis
1115 3521 1196 3585 hiatu
1210 3541 1315 3604 magua

154 3641 189 3684 ex
204 3631 288 3702 perte
303 3623 489 3698 delitescens,
509 3642 598 3706 qnam
617 3631 712 3686 totum
734 3625 762 3686 in
784 3624 887 3687 theatri
908 3633 1068 3706 conspectu
1088 3624 1218 3706 positum
1234 3624 1316 3707 cogi·

155 3723 221 3799 tari,
247 3741 285 3787 ue
307 3725 416 3789 scilicet
439 3725 553 3808 ligneus
576 3725 622 3788 ille
644 3725 839 3789 Prometheus
862 3727 949 3788 nimis
968 3726 1025 3788 cito
1047 3735 1098 3788 unt
1119 3725 1245 3789 taedium
1268 3736 1317 3790 ant

152 3825 246 3889 risum
268 3826 380 3908 populo
401 3837 540 3892 moueret.
555 3861 596 3873 -
612 3828 669 3889 Sed
691 3828 829 3891 admonet
848 3847 896 3890 me
915 3827 987 3891 haec
1005 3847 1054 3891 res
1073 3827 1147 3892 alius
1163 3829 1315 3892 cuiusdam

154 3927 334 4002 Promethei,
350 3946 411 3992 non
426 3929 512 4009 liguei
528 3927 656 4010 quidem,
671 3929 722 3992 sed
738 3927 806 4010 picti
821 3928 850 3990 in
863 3948 930 3992 ruse
944 3929 1033 4004 lrctili,
1048 3929 1176 4011 itemque
1189 3930 1219 3994 iu
1234 3931 1314 3995 hiatu
1332 3939 1362 3994 tt

69 4103 71 4109 .
155 4029 284 4109 quendam
300 4030 378 4111 pube
394 4041 479 4095 team
496 4029 699 4106 delitescentis,
714 4050 801 4112 quem
816 4051 832 4093 a
847 4031 1011 4106 Seruianio,
1026 4030 1099 4096 tulo
1113 4033 1317 4116 mchnmlogo,

157 4139 311 4211 occeptum
329 4149 425 4214 nuper
439 4132 616 4215 Geppertus,
631 4133 783 4215 popularis
797 4143 914 4209 noster,
928 4134 1123 4216 spectandum
1143 4133 1233 4198 nohis
1247 4153 1320 4219 pro·

156 4231 258 4316 posuit
276 4232 308 4294 in
327 4231 404 4298 libro
424 4235 460 4298 de
482 4232 604 4318 antiquo
621 4235 800 4300 Graecomm
816 4235 944 4313 theatro,
959 4236 1074 4321 Lipsiae
1088 4256 1115 4301 a.
1133 4237 1216 4302 184³
1230 4237 1317 4304 edito.

156 4335 265 4399 Vereor
280 4343 379 4400 tumen
393 4336 530 4418 equidem
546 4356 740 4420 magnopere,
755 4356 792 4401 ne
806 4338 856 4403 hic
869 4357 988 4421 quoqne
1001 4340 1200 4405 Prometheus
1217 4341 1319 4426 explo-

155 4436 269 4503 dendns
297 4437 345 4501 sit
383 4437 540 4502 Hominem
568 4439 647 4503 eninr
674 4440 785 4522 pictum
806 4441 939 4505 ridemus
963 4441 1180 4508 adolescentem
1206 4453 1237 4508 et
1261 4445 1318 4507 inr-
