3092 4964
700 405 764 471 tta

634 494 835 507 ..σῦκ-ιο...-

155 597 321 674 airenrluaa,
341 606 373 662 ut
393 597 458 681 quis
478 598 699 662 matrimonium
719 598 880 671 carucatam,
901 617 996 684 naqae
1017 583 1140 665 omnino
1159 598 1320 680 aaraiagalia

154 711 310 785 praecepta
324 703 361 766 ιδ
376 702 592 777 oeconomiam,
607 721 682 784 quac
694 702 779 782 mtlgo
791 701 847 765 alioi
859 704 960 780 soleat,
976 704 1132 787 portinere.
1158 707 1254 786 tltque
1264 703 1321 766 hoc

155 804 274 888 quidem
286 805 371 887 quale
385 805 424 870 ait
443 805 511 870 alibi
530 803 708 868 ridebimus:
729 802 798 866 illurl
815 804 937 868 alterum
953 815 1050 870 autem
1065 826 1100 870 ex
1116 806 1236 889 Epicuri
1251 823 1322 868 sen-

154 907 242 970 tentia
261 907 371 972 aliatum
391 917 446 982 eat,
466 908 576 990 quippe
597 905 656 988 qui,
677 915 710 968 ut
728 915 775 968 eat
794 906 873 988 apud
892 907 974 988 lliog.
995 907 1091 970 Laert
1112 909 1147 982 X,
1170 909 1230 970 llll
1250 917 1320 970 tom.

153 1011 179 1074 ll
193 1031 223 1092 p.
236 1013 309 1084 571,
324 1011 355 1074 iu
371 1005 559 1092 διαποριῶν
573 1007 646 1073 libro
660 1005 706 1093 μή
724 1002 885 1093 γαμήσειν
897 1003 983 1094 μήδε’
997 1005 1251 1096 τεκνοποιήσειν
1264 1005 1322 1073 τόν

154 1109 263 1201 σοφόν
281 1113 427 1188 statuerit,
452 1112 483 1175 itt
505 1111 580 1174 lihro
602 1111 639 1174 δε
658 1123 762 1175 natura
781 1119 892 1186 autem,
913 1105 1000 1174 κατά
1019 1104 1219 1196 περίστασίν
1238 1131 1322 1175 ποτε

154 1207 232 1298 βίον
253 1209 416 1302 γαμήσειν
429 1209 487 1278 καί
503 1208 813 1300 διατραπήσεσθαι.

241 1320 411 1402 Sequuntur
420 1319 498 1402 apud
512 1318 751 1402 Theophrastum
768 1327 924 1401 praecepta
940 1317 1103 1400 coniugalia
1116 1319 1218 1381 laneae:
1231 1313 1322 1401 πρῶ·
1340 1329 1370 1382 ta

156 1442 212 1488 τον
228 1417 289 1506 μίν
308 1409 364 1488 σίν
382 1415 479 1504 νόμοι
499 1417 585 1508 πρός
605 1422 742 1506 γυναῖκα
760 1415 818 1484 καὶ
833 1415 873 1484 τό
894 1416 940 1507 μή
967 1412 1106 1486 ἀδικεῖν.
1144 1421 1324 1486 Coaiirielrat

155 1527 259 1610 aliquia
287 1525 476 1591 scribendum
508 1543 588 1589 erae:
620 1520 752 1608 πρῶτος
776 1518 837 1606 μίν
861 1511 919 1589 σίν
946 1518 1048 1607 νόμος
1074 1521 1160 1610 πρός
1187 1527 1323 1609 γυναῖκα

156 1623 299 1709 κείσδιο,
323 1633 381 1712 [aut
401 1629 519 1710 κεῖται]
539 1623 585 1715 μή
608 1619 746 1692 ἀδικεῖν.
781 1629 843 1710 Ego
863 1629 1008 1710 vulgatam
1034 1629 1188 1694 lectionem
1213 1629 1322 1694 serrari

159 1753 250 1817 posce
270 1743 353 1817 pato.
388 1725 500 1812 Νόμοι
520 1727 607 1817 πρός
626 1731 763 1815 γυναῖκα
784 1733 888 1796 coelem
907 1751 998 1796 seuau
1019 1733 1172 1808 «licuntur,
1196 1753 1256 1817 quo
1280 1729 1323 1796 τό

155 1832 241 1922 πρὸς
263 1832 323 1924 τήν
346 1836 483 1919 γυναῖκα
508 1827 626 1898 δίκαια
649 1833 679 1896 ia
704 1845 880 1916 personulae
903 1836 1041 1900 Tirenum
1064 1837 1187 1919 epistola
1211 1857 1240 1919 p.
1260 1836 1322 1900 228

157 1941 201 2021 (ia
220 1942 242 2005 l.
264 1941 295 2004 C.
315 1939 401 2004 llloll.
426 1939 505 2002 mull.
533 1956 627 2020 graec.
653 1938 757 2019 lragm.
778 1937 872 2000 haral.
897 1939 1011 2012 173111.
1045 1939 1094 2002 alit
1117 1940 1205 2021 igitur
1229 1949 1322 2003 ranas

155 2045 300 2128 quasdam
316 2043 508 2108 convermndi
524 2060 591 2106 cum
606 2059 700 2104 uxore
715 2058 837 2104 normas
852 2061 887 2105 ac
900 2041 979 2124 leges
993 2062 1060 2106 asse
1074 2041 1192 2116 dehere,
1206 2061 1322 2106 earum·

155 2170 213 2234 quc
231 2167 322 2214 unam
342 2157 372 2211 et
389 2146 577 2232 praecipuam
604 2145 706 2220 hancc,
731 2139 776 2232 μή
802 2135 944 2225 ἀδικεῖν,
970 2166 1006 2210 οε
1025 2150 1136 2210 iaiaria
1157 2147 1323 2230 afficiatur:

156 2253 404 2339 quemadmodum
429 2269 491 2316 non
516 2269 583 2316 raro
609 2250 725 2334 generis
750 2249 871 2316 alicuiae
895 2251 1024 2316 arnirerai
1048 2251 1322 2316 commemorationi

155 2379 214 2425 utta
233 2358 376 2440 quaedam
397 2367 428 2419 ct
446 2355 604 2438 praecipua
625 2355 738 2438 aperies
759 2373 813 2438 per
831 2355 922 2419 colam
944 2355 1080 2438 eoqaulam
1100 2355 1219 2436 adiungi
1240 2356 1322 2418 uolat.

156 2463 220 2525 llitl.
241 2481 316 2544 quae
335 2459 463 2524 alixiaauc
483 2459 518 2522 ad
539 2457 615 2522 l‘lut
635 2465 687 2540 Ag.
708 2478 738 2541 p.
755 2459 806 2520 75.
826 2492 868 2505 -
902 2459 944 2522 lit
969 2457 1084 2522 iaiurlia
1108 2459 1213 2522 ‹leiade
1236 2479 1322 2522 anam

156 2565 330 2630 nominatim
351 2572 578 2628 commemorat:
604 2551 723 2624 ἀδικία
743 2555 780 2625 δὲ
799 2549 918 2645 ἀνδρὸς
941 2551 976 2624 αῖ
1000 2555 1128 2645 culpate
1150 2555 1322 2626 σινουσίιιι

157 2661 334 2749 γινόμεναι.
366 2665 449 2728 llauc
463 2665 541 2727 enim
560 2664 715 2727 lectionem
737 2681 825 2725 aeaao
845 2681 907 2725 aaa
927 2665 1071 2744 praeferet
1089 2663 1180 2738 alteri,
1200 2684 1275 2746 (puae
1293 2664 1322 2727 ia

156 2769 268 2851 aliquot
287 2767 437 2832 calicibus
452 2775 539 2842 extat,
560 2757 596 2829 αί
612 2759 738 2852 θίραζε
751 2762 924 2830 συνιοῦσαι
939 2765 1095 2848 γυναῖκες.
1130 2767 1323 2848 Goettliaqiac

157 2871 279 2934 eandem
301 2869 418 2951 utrique
439 2869 612 2932 senteutiam
634 2869 755 2932 ctahesse
779 2867 885 2942 credit,
910 2879 942 2931 ut
965 2867 1170 2950 rigaltioeutur
1193 2869 1322 2934 mulieris

158 2973 399 3040 coateraatioaee
414 2981 577 3046 extraneae,
599 2971 705 3054 quibua
722 2970 845 3034 maritus
860 2971 964 3036 iniuria
984 2972 1137 3045 alliciatur,
1157 2982 1324 3055 comparat·

157 3099 215 3163 quo
231 3097 298 3142 cum
313 3075 509 3161 Theophrasti
524 3085 681 3160 praecepto
696 3075 755 3139 laoc
770 3075 899 3151 Hesiodi,
914 3069 1001 3162 μήδε’
1015 3069 1093 3163 γυνή
1107 3093 1146 3141 σε
1165 3068 1240 3140 νόονΙ
1261 3099 1325 3140 πι-

159 3173 319 3268 puaellae
337 3173 538 3261 ίξαπαταίτιο
554 3171 678 3263 αῖμόλα
692 3170 909 3259 κωτίλλουσα,
940 3176 1017 3268 τιήν
1045 3176 1181 3269 cleptica
1203 3175 1327 3268 καλιήν,

159 3287 240 3370 quod
255 3285 327 3349 mihi
346 3301 473 3366 proretae
493 3283 530 3348 ah
549 3283 692 3349 hocloco
715 3284 843 3350 alienum
864 3305 931 3348 εεεε
950 3284 1073 3349 violetur.
1108 3285 1174 3348 Non
1194 3285 1273 3349 enirn
1292 3285 1327 3348 δε

162 3388 293 3454 mulieris
308 3407 377 3470 erga
392 3387 499 3462 airum,
518 3388 571 3452 carl
587 3388 691 3454 (leviri
707 3407 775 3470 erqo
791 3388 943 3454 mulierem
959 3389 1073 3454 iniuriis
1088 3388 1327 3472 Theophrastum

159 3493 240 3576 loqui
255 3493 355 3558 omnia
369 3491 426 3556 loci
446 3485 601 3557 coatcxtua
621 3492 810 3557 maattonma
832 3492 907 3557 lacit„
943 3493 1020 3558 Sunt
1039 3492 1128 3577 igitarr
1146 3484 1181 3557 σί
1202 3487 1328 3578 &ripula

159 3590 332 3664 comacina
351 3587 521 3680 γινόμεναι
540 3596 679 3662 adulteria
698 3595 752 3659 viri
774 3607 803 3661 ct
821 3597 962 3662 amatoria
982 3597 1166 3663 consuetudo
1189 3616 1258 3662 cum
1277 3616 1328 3661 et·

162 3701 273 3764 traneia
293 3697 474 3773 mulieribus,
494 3698 743 3782 quemadmodum
764 3699 852 3763 etiam
868 3699 1036 3764 lavaroniao
1056 3699 1198 3765 intellexit
1217 3719 1246 3783 p.
1270 3701 1329 3763 tut

162 3805 209 3869 erl.
224 3803 347 3880 (ἔρειδε
367 3820 465 3885 neque
479 3792 605 3884 θύραζε
619 3794 792 3866 συνουσίαι
806 3822 863 3885 pro
879 3796 1005 3888 δόρασι
1022 3803 1134 3867 dictam
1149 3803 1262 3886 peritos
1282 3804 1329 3866 ol·

160 3907 279 3972 leaderc
293 3915 401 3991 pateat.
430 3895 616 3968 Συνουσίαν
629 3914 726 3968 autera
740 3915 774 3969 ut
787 3905 932 3970 συνεῖναι
952 3905 989 3969 ‹la
1007 3906 1149 3970 amatoria
1167 3917 1329 3970 consuetu·

161 4009 232 4073 dine
245 4009 302 4072 dici
317 4016 423 4073 notum
442 4017 496 4083 eat,
516 4006 666 4090 utiturque
684 4008 742 4074 hoc
760 4009 850 4073 aerbo
870 4009 906 4072 ale
920 4009 1075 4073 llloihiarlic
1094 4009 1244 4074 adiutoriis
1259 4009 1329 4074 Plu·

163 4111 281 4176 tarohuc
301 4111 351 4174 ait.
372 4110 461 4175 tllcih.
482 4131 508 4175 c.
529 4111 564 4175 8:
584 4103 615 4198 (ή
627 4103 822 4198 Ἱππαρέτη)
841 4105 1029 4198 λυπουμένη
1046 4101 1108 4175 ἀπ’
1123 4102 1232 4194 ⁸rra’coai
1251 4107 1331 4198 περὶ

161 4209 221 4279 τόν
235 4208 338 4298 νόμον
356 4204 508 4298 ἑταίραις
529 4205 638 4292 ξέναις
658 4209 716 4279 καί
730 4207 849 4293 ἀσταῖς
866 4209 1029 4293 συνόντος.
1047 4251 1091 4264 -
1120 4215 1330 4283 {herimarum

164 4315 362 4400 Theophrasti
381 4314 540 4379 aerbonam
560 4316 705 4401 scriptura
723 4319 802 4402 apurl
823 4318 1033 4401 Goettlingium
1052 4319 1132 4385 lraurl
1150 4321 1240 4386 aluhia
1263 4341 1331 4387 cor·

163 4431 252 4506 rupta
271 4429 330 4486 cal:
355 4413 433 4506 περὶ
454 4411 492 4484 δι’
512 4409 648 4502 apellae
669 4413 756 4508 μήδ’
781 4412 866 4484 ὥστε
885 4418 1026 4487 δεῖσθαι
1049 4413 1134 4502 ἴσοις
1156 4419 1331 4511 παρόντος,
