3092 4964
743 446 807 513 220

201 642 374 716 usurpatum
404 639 451 694 est
473 651 503 714 p.
523 630 553 706 8,
578 631 631 696 13:
656 621 730 718 ei‘rip
751 626 790 696 δὲ
808 629 866 698 τοῦ
886 625 1063 717 οίκονάμοο
1081 633 1237 725 τέτταρα,
1264 631 1288 706 ii
1309 641 1362 708 δεῖ

201 727 287 815 ἔχειν
299 728 378 818 περὶ
391 728 434 797 τά
447 727 614 820 χρήμαται
634 735 717 816 quasi
738 753 860 799 οεεεεεε
878 736 966 800 inerit
979 737 1164 818 Philodomo,
1182 755 1232 808 cut
1252 746 1359 810 lentum

199 838 235 901 oh
248 855 284 900 eo
300 837 330 900 in
344 837 407 900 eliis
421 835 504 913 locis,
522 845 555 899 ut
568 837 633 919 ipsc
649 837 848 920 Theophrasti
867 838 953 902 verbo
973 849 1130 923 repeteret:
1149 839 1360 928 πορεύεσθαι

199 935 339 1025 inpigre}
352 932 504 1027 χρήματα
519 950 616 1004 nuum
632 958 720 1023 quern
732 959 854 1004 sensum
866 941 980 1019 hnbcnt,
995 943 1065 1008 huic
1075 944 1193 1029 quidem
1203 947 1270 1012 loco
1287 968 1361 1013 con·

199 1043 378 1120 νεοίεοιεοι,
400 1061 495 1126 nequo
516 1043 573 1126 ipsi
595 1043 827 1126 explicaverunt,
853 1061 948 1126 neque
975 1063 1031 1128 ego
1058 1055 1197 1130 exputare
1224 1067 1360 1134 possum.

200 1147 340 1211 Nostrum
361 1155 458 1210 autern
478 1145 732 1230 supplementum,
756 1147 835 1228 quoti
856 1147 977 1212 totidem
997 1148 1085 1214 hebct
1104 1169 1171 1215 curn
1190 1151 1249 1217 isto
1271 1154 1361 1219 eltero

198 1250 322 1326 litteus,
348 1259 382 1313 ut
407 1248 503 1332 spolio
529 1249 648 1331 quidem
670 1249 788 1312 lacernae
814 1267 876 1312 uon
902 1251 1003 1315 minus
1027 1263 1106 1318 certe
1135 1256 1361 1322 accomodatum

199 1375 268 1418 esse
287 1361 439 1438 apparent,
464 1351 674 1436 comprobatur
700 1351 921 1436 qttoclomtnotlo
947 1355 1034 1419 etiem
1058 1356 1149 1422 oltero
1174 1357 1239 1423 loco
1258 1379 1289 1442 p.
1309 1362 1361 1438 46,

203 1459 255 1533 17,
278 1457 327 1522 uhi
348 1457 471 1540 legimus
489 1451 548 1543 cris
570 1451 725 1544 οινήθιος
743 1449 918 1545 νοουμένην
937 1449 1138 1542 οἰκονομίαν.
1171 1461 1268 1527 hlinus
1287 1483 1361 1530 con·

198 1563 258 1626 hdo
280 1561 417 1644 proximo
440 1561 657 1644 supplemento,
673 1551 748 1626 οίίτε
771 1556 866 1646 παρά
888 1562 962 1640 τοῖς
985 1559 1125 1641 πολλοῖς
1147 1554 1363 1649 ἀγνοούμενον

197 1657 282 1730 ditet
310 1657 591 1751 καταδολάτατονι
619 1665 716 1747 optins
750 1673 847 1728 tomen
876 1666 964 1730 credo
991 1685 1079 1750 quent
1110 1667 1190 1750 quorl
1213 1687 1230 1731 n
1253 1669 1362 1752 priori·

197 1769 253 1835 hus
273 1768 437 1852 repositum
457 1775 510 1831 est.
550 1767 632 1844 Quae
655 1777 817 1852 sequuntur
842 1768 871 1833 in
895 1787 1007 1852 papyro
1031 1770 1104 1834 adeo
1123 1769 1264 1836 lacunosa
1284 1784 1363 1850 sunt,

197 1882 230 1938 ut
249 1882 313 1938 tuto
333 1871 461 1954 suppleri
482 1889 543 1935 non
564 1872 695 1955 possint:
717 1881 868 1954 postremo
886 1881 1001 1936 tanturn
1021 1873 1108 1938 roho
1128 1874 1158 1938 in
1182 1893 1250 1940 cunt
1273 1894 1361 1958 quern

197 1976 343 2061 proposui
362 1976 484 2038 mollum
504 1993 567 2039 non
587 1973 818 2058 improbabiliter
835 1975 947 2040 restitui
970 1995 1060 2060 posse
1084 1976 1269 2056 ridebantur,
1289 1998 1362 2062 pro-

197 2081 324 2147 hohilins
344 2079 462 2162 quidem
484 2089 562 2144 certe
585 2098 675 2162 quern,
696 2099 712 2142 o
735 2079 885 2162 prioribus
910 2082 1018 2146 locturn
1043 2089 1102 2158 ost,
1122 2081 1172 2164 qui
1196 2091 1291 2146 totum
1316 2083 1362 2146 lo·

196 2205 276 2262 cum,
295 2183 364 2250 intle
378 2204 394 2248 ε
409 2184 504 2249 serbis
519 2189 571 2262 {oi}
588 2178 672 2246 κατά
688 2181 788 2260 tilloit,
808 2182 847 2246 itu
866 2183 1091 2249 continuarunt:
1112 2175 1133 2248 tl
1152 2180 1194 2248 τά
1214 2183 1363 2268 apperte&

196 2285 319 2368 τίΙμνει,
328 2295 379 2350 τοῦ
388 2284 581 2368 οχΙολάῐζεΙιν
597 2279 814 2370 nicopoleos
826 2294 910 2359 [τοδε]
922 2277 1079 2367 δ’χοντῐοῐς,
1092 2293 1173 2361 [εἶναι
1184 2297 1363 2372 νομίζομεν,

168 2423 171 2428 ·
198 2385 652 2481 οίδίιιατάτήντίχνηνκτί,
664 2411 790 2476 quorum
802 2389 874 2453 nihil
886 2409 941 2472 ego
953 2391 1071 2473 quidem
1083 2392 1221 2474 intelligo.
1236 2391 1363 2456 Nostrae

197 2497 331 2563 lectionis
351 2499 492 2561 sententio
513 2497 698 2580 plenissimo,
717 2495 827 2577 iisque,
847 2512 920 2576 queo
941 2494 1088 2559 adduntur
1107 2496 1205 2559 statim
1225 2517 1242 2561 ε
1261 2496 1363 2560 nhtto-

197 2601 296 2676 dcrno,
316 2597 600 2663 convenientissimo.
637 2597 788 2680 vituperet
802 2597 881 2661 enirn
902 2597 982 2680 quoti
1001 2593 1041 2662 τὸ
1061 2593 1270 2685 κοσμοτικόν,
1289 2599 1320 2662 h.
1336 2617 1363 2663 c.

198 2712 266 2785 opto
282 2701 449 2784 dispositio,
465 2701 569 2764 cudero
586 2719 652 2764 curn
668 2699 820 2783 paratione
835 2699 983 2764 honorum
998 2711 1028 2764 ct
1042 2701 1175 2765 custodio
1186 2701 1252 2765 loco
1263 2700 1364 2764 beheri

196 2806 337 2884 sidentur,
356 2823 448 2886 quum
464 2815 562 2868 tomen
579 2805 664 2886 longe
684 2803 807 2869 minoris
828 2803 969 2868 ntornenti
990 2803 1029 2866 sit
1046 2811 1076 2866 et
1095 2822 1162 2867 curn
1183 2803 1218 2866 iis
1241 2821 1364 2885 compc-

197 2909 256 2974 reri
271 2926 333 2972 nou
348 2907 457 2991 possit:
474 2908 499 2972 si
515 2907 642 2990 «periclem,
658 2906 747 2982 otlslit,
759 2901 799 2970 cri
814 2901 1016 2994 κοσμητικδν
1028 2906 1088 2970 hoc
1101 2925 1192 2971 sensu
1211 2907 1363 2990 accipitur,

196 3023 230 3077 ut
245 3011 285 3076 sit
299 3022 375 3075 recte
389 3015 487 3075 οιοοίο
502 3023 530 3074 et
543 3030 596 3075 ιιιο
611 3011 674 3075 ίοεο
690 3012 858 3094 disponere:
878 3001 947 3094 είγε
960 3005 1000 3074 τὸ
1018 3003 1151 3074 τάττειν
1169 3000 1216 3087 τίς
1237 3007 1289 3074 δεῖ
1306 3003 1365 3073 καί

198 3107 286 3180 ἔνθα
305 3111 357 3178 δεῖ
375 3109 474 3178 τοίτο
492 3106 711 3197 λαμβάνεται,
732 3107 892 3199 καθάπερ
911 3105 1027 3178 ἔοικεν.
1066 3112 1140 3177 Num
1166 3113 1224 3178 hoc
1251 3112 1364 3178 etiarnsi

199 3217 408 3284 iucunditatem
428 3218 552 3300 nliqunm
577 3225 606 3280 et
624 3217 775 3282 utilitatem
795 3236 912 3301 qnoque
930 3218 1048 3294 hahent,
1073 3217 1246 3301 reprehendi
1266 3226 1365 3282 tornen

200 3325 441 3406 Theophrastum
457 3320 574 3396 dobere,
598 3324 648 3404 qui
668 3322 697 3386 iel
712 3313 932 3409 άντιδιαιρεῖν
946 3313 1040 3409 η’ξίοο
1055 3321 1126 3399 τοῖς
1142 3312 1366 3406 άναμιαιοτά-

199 3447 284 3506 τοις,
300 3427 329 3490 h.
351 3447 376 3490 e.
396 3425 427 3490 in
447 3427 501 3489 isto
521 3424 663 3489 ‹lirisione
682 3444 749 3489 cum
771 3426 890 3502 ceteris,
910 3445 985 3510 quoe
1004 3427 1089 3510 plone
1108 3424 1274 3490 necessarie
1295 3425 1365 3500 sint,

198 3549 261 3596 non
277 3529 404 3594 iucunde
418 3527 515 3593 solum
530 3536 560 3592 et
574 3527 662 3602 utilio,
678 3547 857 3611 componere
872 3530 1001 3594 voluerit

286 3634 488 3699 Parandorunr
502 3630 652 3695 honorum
668 3642 824 3715 praecepto
838 3633 916 3698 nullu
931 3634 1040 3698 dantur
1053 3643 1170 3717 praeter
1188 3631 1247 3696 hoc
1260 3649 1364 3707 unum,

197 3748 230 3804 ut
243 3747 324 3804 certo
339 3738 465 3821 quedem
480 3736 596 3801 rotinus
610 3735 708 3800 omniu
724 3730 874 3823 κτήματα
890 3736 1037 3820 descripta
1052 3737 1127 3812 sint,
1144 3736 1284 3819 pluruqne
1301 3736 1364 3799 irn-

197 3853 302 3908 ctuosu
318 3861 404 3926 quum
420 3842 612 3916 infructuose,
626 3851 656 3904 ct
670 3859 759 3924 opere
774 3839 814 3904 ite
829 3839 929 3916 diviso,
944 3857 982 3904 nc
993 3840 1091 3904 onrnh
1106 3857 1154 3904 res
1169 3833 1318 3903 tsmffis'ris
1333 3837 1364 3903 in

197 3965 258 4012 nno
284 3945 474 4030 periclitetur:
502 3941 689 4034 διῃρῆσθαι
710 3939 749 4010 δί
773 3943 826 4009 δεῖ
843 3938 910 4006 τῶν
928 3936 1102 4030 κτημάτων
1127 3935 1280 4022 ἕκαστον,
1306 3936 1366 4006 καί

199 4041 305 4113 πλείω
323 4043 366 4111 τά
385 4041 539 4133 κάρπιμα
557 4035 643 4113 είναι
662 4043 728 4111 τῶν
748 4037 922 4135 άιιάρπιον,
945 4041 1004 4110 καί
1021 4041 1083 4123 τάς
1101 4037 1259 4131 ἐργασίας
1279 4038 1364 4111 οίίτω

199 4147 414 4240 νενεμῆσθαι,
429 4144 523 4230 ὅπως
536 4146 580 4239 μὴ
598 4142 670 4233 άμα
683 4143 936 4215 κινδυνεύσωσιν
950 4140 1090 4214 ἅπασιν.
1119 4148 1198 4214 Sunt
1208 4167 1280 4214 sune
1293 4148 1368 4214 hoec

199 4255 297 4338 paullo
318 4253 473 4318 ohsctuius
491 4255 582 4319 dictu:
607 4255 795 4320 menifestum
820 4263 918 4318 tomen
940 4262 987 4318 est
1011 4271 1150 4334 :pronum
1174 4251 1365 4336 potissimum

198 4357 345 4422 culturam
358 4365 388 4420 ct
401 4357 509 4421 nistico
524 4378 614 4443 opera
628 4358 746 4445 respici,
761 4373 889 4443 quorum
903 4374 966 4422 non
980 4375 1074 4422 unum
1088 4357 1205 4441 eliquorl
1219 4373 1312 4439 pentn
1327 4355 1367 4420 itn

200 4459 399 4533 mumdum,
419 4468 452 4523 nt
466 4461 564 4532 omnis
577 4461 650 4529 lucri
669 4483 740 4548 spos
761 4462 792 4528 in
810 4481 847 4526 eo
866 4459 932 4525 solo
951 4459 1003 4538 sit,
1022 4461 1075 4525 sed
1094 4460 1134 4524 itu
1154 4459 1254 4543 potius
1275 4477 1365 4544 opere
