3106 4958
772 461 814 524 22

211 675 266 718 una
282 665 365 736 parta
379 651 528 735 pugnavit,
543 669 614 712 mox
625 649 654 712 in
665 649 753 712 altere
765 650 987 730 comparant),
999 645 1115 709 mireris
1128 646 1164 708 de
1175 646 1230 710 bac
1241 645 1377 709 stadonis

212 757 371 822 mutatione
400 753 511 816 nullum
537 751 658 814 uerbum
686 769 702 814 a
728 761 815 832 poeta
841 753 949 815 iactum
975 767 1050 812 esse.
1107 749 1293 833 Quamquam
1320 749 1378 812 bac
1487 757 1490 764 '

123 855 125 860 ’
211 858 327 941 quidem
348 855 464 918 delendi
490 857 616 918 lartassc
639 853 749 935 possit:
774 853 803 916 in
825 853 904 916 uario
923 861 953 914 at
971 849 1090 932 ancipiti
1110 853 1271 915 certamina
1290 851 1376 914 ctiam

211 957 435 1023 discurrendum
456 959 516 1021 buc
533 957 601 1021 illac
620 955 819 1037 pugnantibus
841 955 946 1030 luisse,
963 971 1061 1036 neque
1076 954 1250 1037 culpandam
1273 964 1378 1036 quaene

210 1061 408 1134 reticentiam,
438 1060 463 1122 si
495 1058 565 1122 tales
596 1059 747 1121 eliscursas
774 1075 835 1120 nan
862 1075 980 1140 semper
1011 1057 1118 1120 diserte
1143 1076 1378 1121 commemorare

210 1165 344 1226 volucrit„
388 1163 527 1226 insistere
547 1161 634 1242 igitur
653 1161 721 1223 baie
739 1160 781 1224 rai
796 1160 880 1234 nalo,
899 1177 954 1222 nec
973 1161 1157 1241 refragabat,
1178 1161 1202 1222 si
1218 1162 1283 1243 quis
1299 1179 1377 1224 nan-

126 1297 130 1306 ·
210 1265 288 1328 nulla
309 1275 405 1328 umen
425 1283 545 1338 eanum,
566 1283 641 1345 qnae
661 1263 758 1346 prima
777 1263 919 1344 adspectu
938 1272 989 1326 aut
1003 1263 1163 1344 pugnantia
1184 1273 1234 1326 aut
1253 1263 1377 1327 obscura

210 1368 376 1436 viduantur.
402 1367 568 1447 diligentins
594 1367 698 1430 iterum
726 1365 891 1447 iterumque
910 1364 1095 1428 considerata
1115 1365 1237 1428 clariora
1263 1366 1324 1429 beri
1350 1377 1380 1431 ct

211 1470 360 1534 conciliari
387 1470 464 1533 inter
482 1489 515 1532 se
535 1487 625 1550 passa
640 1469 788 1531 delendat:
810 1487 877 1532 nant
896 1478 930 1532 ut
944 1467 983 1531 sit
1003 1467 1055 1542 ita,
1076 1467 1134 1531 bae
1153 1477 1250 1532 tamen
1270 1469 1379 1550 ipsum,

210 1573 290 1657 quod
319 1572 410 1634 merita
432 1589 495 1634 nan
519 1571 575 1633 nisi
599 1571 751 1652 diiigenter
775 1569 933 1634 identidem
955 1569 1138 1633 considerata
1163 1571 1235 1634 satis
1261 1570 1379 1650 intelligi

131 1755 133 1760 ι
210 1683 348 1758 possunt.
368 1693 471 1756 parunt
491 1673 646 1736 conuenire
665 1684 737 1755 puto
753 1673 875 1736 carmini
895 1673 930 1736 ad
947 1673 1125 1736 audiendum
1146 1691 1207 1737 nan
1223 1673 1258 1736 ad
1279 1674 1379 1753 legen-

209 1779 280 1842 dum
297 1780 384 1850 iacto,
399 1785 429 1839 et
440 1776 617 1838 canbrrnare
631 1794 735 1839 earum
752 1775 937 1851 sententium,
954 1775 1003 1858 qui
1020 1777 1097 1839 itanc
1111 1784 1243 1840 nostram
1260 1775 1379 1840 iliadem

207 1899 269 1943 nan
290 1881 334 1942 sic
352 1877 388 1940 ab
408 1876 491 1941 initia
518 1878 729 1960 centulensium,
755 1877 805 1940 secl
832 1879 994 1959 postmodo
1014 1877 1133 1940 demum
1153 1897 1188 1941 ex
1214 1878 1380 1943 minoribus

208 1981 356 2064 uariisque
370 1978 550 2044 carminibus
564 1989 796 2062 coagmentatum
816 1999 883 2043 esse
897 1979 1009 2044 salunt
1054 1979 1245 2044 baditoribus
1261 1981 1379 2062 quidem

208 2093 287 2148 certe
307 2083 412 2147 melius
432 2085 601 2147 consultam
622 2086 712 2159 taret,
730 2084 757 2147 si
776 2085 869 2158 illam,
893 2093 927 2148 ut
951 2103 1018 2147 cam
1044 2083 1156 2165 ileynia
1176 2083 1292 2165 loquar,
1318 2104 1380 2148 rute·

207 2187 316 2251 «inillam
342 2187 479 2251 carnibus
505 2188 603 2270 paullo
632 2188 732 2252 minus
755 2185 969 2252 luxuriantibus
995 2185 1155 2250 involutam
1180 2195 1209 2250 et
1234 2187 1380 2252 obtectam

206 2291 386 2373 acciperent,
401 2308 498 2373 neque
512 2310 690 2374 numnquam
706 2309 792 2372 aegre
807 2292 934 2354 laturum
954 2299 1004 2354 atet
1018 2288 1251 2353 desideraturum
1274 2290 1380 2373 aliquid

208 2394 301 2458 luisse
316 2412 433 2469 censeo,
448 2394 473 2456 si
490 2413 506 2456 a
522 2393 586 2458 libri
603 2394 653 2457 xtt
670 2397 728 2456 line
743 2393 841 2457 statim
857 2393 893 2457 ad
909 2393 969 2469 ΧΥ,
985 2393 1047 2456 tub
1062 2393 1270 2468 deduceretur,
1286 2395 1380 2458 ontis-

207 2498 251 2562 sis
266 2496 403 2561 versttns
417 2497 544 2580 ampelius
560 2498 638 2560 milla
660 2497 862 2579 septingentis.
907 2497 981 2560 Nam
998 2506 1030 2560 ut
1044 2515 1125 2560 nanc
1139 2505 1194 2570 est,
1210 2514 1297 2579 quern
1314 2507 1378 2560 tan-

207 2601 276 2664 dem
298 2599 362 2664 sice
383 2601 547 2664 auditorem
571 2600 632 2663 siue
654 2601 793 2663 lactarem
815 2619 877 2664 non
903 2599 1058 2663 offenderit
1084 2609 1142 2662 tana
1166 2598 1249 2662 tarda
1271 2599 1379 2682 diuque

207 2704 295 2768 dilata
311 2703 435 2768 Patrocli
458 2704 495 2768 ad
514 2703 655 2767 tlcbillem
676 2699 828 2766 reversio?
877 2701 994 2765 Scilicet
1014 2703 1183 2765 moralmtur
1202 2720 1268 2765 eum
1293 2703 1378 2768 amici

206 2809 350 2874 uulnerati
371 2809 493 2872 curatio.
542 2807 689 2884 Quantillo
709 2817 805 2871 autem
827 2815 962 2888 tempore
983 2823 1060 2888 opus
1081 2805 1171 2870 luisse
1190 2805 1322 2869 dimersus
1341 2808 1377 2870 ad

207 2912 316 2976 saluae
336 2910 538 2992 obligandam,
558 2911 637 2992 equod
659 2909 719 2974 icta
740 2909 833 2973 luisse
852 2926 901 2971 res
922 2907 984 2990 ipsa
1005 2905 1212 2971 demonstrati
1258 2909 1378 2972 interim

208 3013 310 3078 Graeci
337 3014 480 3096 lugientea
505 3033 522 3077 c
549 3032 654 3097 campio
680 3013 710 3076 ia
741 3021 835 3076 castra
862 3009 1054 3094 repelluntur,
1085 3022 1259 3092 oppugnant
1285 3022 1379 3076 castra

209 3115 346 3191 Traiani,
367 3115 586 3199 propagnacula
602 3115 752 3190 deliciunt,
768 3125 886 3197 partam
902 3111 1075 3193 effringant,
1096 3112 1265 3196 irrumpant
1279 3114 1379 3178 annni-

210 3351 298 3404 Aiacls
316 3365 393 3403 naues
412 3353 519 3404 asiniuus
532 3360 661 3405 cntrcme
675 3352 753 3405 luisse
766 3353 885 3404 dicuntur
896 3351 921 3402 ia
933 3350 1017 3402 altero
1030 3365 1107 3401 cornu
1119 3358 1274 3416 castrorum,
1286 3353 1342 3405 sive
1354 3354 1379 3405 id

210 3436 328 3487 dextruat
347 3436 463 3502 dicimus,
479 3445 576 3490 sterru
594 3437 692 3490 scilicet
703 3437 734 3489 ad
748 3452 816 3488 mere
829 3435 1052 3500 descendentibus,
1071 3435 1126 3486 sive
1138 3435 1276 3502 sinistram,
1289 3453 1379 3490 ascen·

211 3520 328 3572 deutibm
344 3535 359 3571 a
376 3521 463 3573 litlare
476 3521 500 3573 is
522 3538 641 3590 rumpunt.
676 3523 731 3575 Nan
745 3523 822 3586 igitar
839 3521 921 3590 patuit
940 3521 981 3590 qui
994 3520 1028 3572 ibi
1046 3519 1174 3588 irruperat
1185 3519 1255 3572 erenei
1268 3523 1380 3592 μίσσον

211 3619 281 3658 case.
315 3601 401 3673 ltaque
413 3605 576 3658 Aristarchus
589 3608 645 3660 ilisa
659 3623 745 3669 naves,
758 3621 822 3674 quac
834 3605 902 3671 xttt,
916 3605 962 3656 ast
979 3612 1162 3671 memorantur,
1176 3621 1224 3657 aaa
1237 3604 1379 3661 Telamonii

212 3691 258 3742 set
275 3689 382 3742 alterius
398 3691 483 3744 Aiacis
494 3707 552 3744 esse
565 3692 678 3762 calchi,
696 3692 761 3760 quad
779 3707 865 3759 parum
882 3690 1021 3743 uerisimile
1038 3706 1096 3742 esse
1115 3697 1229 3760 apparet.
1265 3691 1378 3759 llepniua

213 3783 274 3827 tan.
292 3773 326 3826 l'l
342 3791 367 3844 p.
384 3774 434 3827 ³58
456 3776 537 3829 locum
558 3778 621 3828 boue
637 3777 806 3830 adulterinum
833 3783 913 3845 putat.
953 3775 1034 3829 Aliam
1052 3777 1175 3828 rationem
1191 3773 1303 3826 Maeuius
1323 3777 1380 3830 tatic

211 3875 235 3926 p.
248 3859 309 3924 25¹1,
322 3862 515 3929 transponendis
526 3861 645 3914 versibus
657 3861 832 3915 difficultatem
846 3861 971 3913 remoueri
984 3876 1060 3930 passe
1073 3867 1153 3912 ratus.

277 3944 303 4008 9)
322 3945 365 3997 Sic
375 3944 442 4012 xttt,
457 3946 505 3997 156
517 3946 585 3999 inter
594 3962 649 4012 eas,
662 3947 704 4015 qui
717 3963 773 3999 eum
785 3947 895 3998 liectoru
908 3953 1032 4013 pugnant,
1045 3946 1069 3996 l.
1082 3959 1105 3996 e.
1118 3943 1150 3996 ad
1163 3941 1269 3996 necllum
1281 3953 1378 4013 partem

210 4027 284 4090 muri,
301 4027 342 4080 uli
358 4029 401 4081 ille
413 4045 437 4082 v.
450 4029 501 4082 tta
518 4031 640 4100 irrupisse
656 4033 763 4095 dieitur,
780 4039 821 4083 est
834 4031 990 4100 Deiphobus,
1010 4031 1034 4082 ia
1047 4045 1119 4098 queat
1132 4027 1261 4082 Meriones
1273 4029 1377 4099 hatest,

210 4128 356 4181 quamquam
369 4113 473 4180 bostra,
485 4117 593 4170 coniicit.
624 4117 751 4172 tteeieees
763 4118 835 4168 laste
848 4116 930 4169 fracta
943 4116 1040 4169 recedit
1049 4115 1125 4168 aliurn
1137 4115 1272 4184 petiturus,
1284 4117 1374 4171 deinde

213 4212 261 4248 aes
273 4197 368 4262 eaden,
380 4199 422 4251 ulti
434 4207 509 4252 autea
521 4211 684 4271 pugnaverat,
698 4201 847 4266 revertitur,
858 4201 903 4254 sed
916 4217 972 4254 euru
984 4199 1117 4254 ldamenea
1128 4199 1160 4254 ad
1173 4201 1303 4255 sinistrant
1318 4219 1376 4272 par·

212 4287 308 4334 tene
323 4281 434 4347 malent,
451 4299 476 4336 ν.
489 4284 548 4338 326.
581 4287 632 4341 Sed
649 4303 710 4340 eece
726 4287 759 4340 tat
777 4301 875 4355 quaque
892 4287 957 4338 idem
975 4285 1117 4355 lleiplsaltus
1135 4297 1264 4356 conparet
1275 4305 1300 4340 v.
1314 4289 1375 4357 ibi,

210 4365 253 4433 nst
264 4367 336 4419 nst·
346 4369 411 4436 apud
424 4369 556 4422 ttmeea
567 4371 657 4442 luerat,
671 4389 750 4442 neque
764 4371 898 4440 reliquisse
912 4373 974 4425 bane
991 4373 1126 4426 emtionem
1138 4373 1282 4427 dictasunt.
1317 4375 1375 4432 blla

212 4451 264 4503 sid.
275 4466 314 4520 ap.
327 4451 448 4507 uentu
461 4469 486 4522 p.
499 4453 558 4507 lbi.
