3106 4958
808 485 847 550 lu

721 569 923 584 -ὓ-

191 697 221 750 tt
242 700 299 744 rur
319 677 483 744 Patroclum
504 673 628 738 Achillea
649 669 758 746 arrium,
778 709 820 720 -
840 673 869 738 nt
889 677 967 759 quod
984 677 1012 740 in
1027 677 1099 754 laoc,
1114 677 1164 760 ‹pui
1179 697 1260 743 urnac
1273 693 1327 758 rat,
1341 702 1407 746 ror·
1488 721 1490 729 ›

240 786 348 848 bonum
363 787 501 842 contextu
516 797 639 841 nooosuo
650 785 704 852 est,
719 812 763 824 -
776 778 939 860 longiorem
952 801 1025 856 orca,
1039 801 1127 864 quam
1143 781 1289 849 eiusmodi
1301 806 1407 852 murac

237 883 457 969 orprouitionom
476 902 543 944 osso
561 883 675 956 ulcerat,
700 899 755 944 nco
781 893 858 945 rorte
877 884 1024 960 mauult,
1050 885 1102 948 carl
1129 886 1213 968 (μισεῖ
1234 888 1406 954 dissolutam

238 1006 430 1070 procurrunt.
456 989 550 1050 t'atmr
568 1005 616 1047 ruo
637 985 786 1048 nonsatis
808 985 973 1067 intolligrrc.
1019 993 1164 1064 Quattuor
1178 991 1257 1053 cuim
1274 993 1407 1055 ucrsilms

236 1091 416 1162 aimoinitur,
435 1098 464 1154 ot
483 1088 734 1152 corratmctioncm
755 1088 840 1151 lrabot
855 1088 1019 1170 simplicum
1038 1099 1124 1174 atquc
1144 1093 1270 1174 planam.
1320 1096 1406 1170 Qraorl

236 1206 337 1260 autom
358 1195 460 1257 rlclotiu
480 1191 537 1256 illis
553 1191 685 1254 rcrsilma
705 1191 833 1255 un-tu
853 1201 1025 1276 mutatoque
1044 1195 1090 1258 sic
1108 1197 1250 1260 orationis
1271 1209 1407 1263 contextu

238 1300 326 1361 verta
347 1299 391 1361 ilia
408 1295 540 1380 promto
561 1293 620 1357 lucri
636 1294 698 1360 uult
716 1295 753 1357 acl
771 1316 836 1359 uam
857 1298 1018 1378 aporlosiu,
1039 1318 1114 1380 rprao
1129 1300 1288 1384 incipiatur.
1304 1303 1354 1377 su,
1369 1303 1407 1366 ita

240 1415 354 1478 tanum,
381 1410 412 1464 ut
434 1401 464 1464 iu
487 1401 545 1463 troc
563 1417 649 1461 romu
669 1417 725 1480 pro
748 1390 834 1462 cii-ici
855 1393 914 1463 καὶ
936 1386 981 1477 ὦς
1008 1401 1154 1466 scribatur
1178 1394 1248 1466 ἀλλ’
1275 1394 1336 1488 iipr
1358 1399 1408 1491 op.

238 1507 328 1568 rolina
355 1505 446 1578 sciro,
473 1521 559 1584 rpuaur
587 1503 627 1566 olr
652 1521 770 1565 cauoarn
797 1503 855 1565 laoc
870 1496 941 1566 ἀλλ’
965 1495 1025 1587 c'c'yr
1047 1498 1105 1591 δή,
1128 1507 1153 1570 ui
1173 1507 1316 1590 scripturn
1337 1508 1407 1570 olian

240 1611 340 1684 luorit,
369 1608 406 1671 alr
435 1605 643 1687 intorpolatoro
673 1605 702 1666 in
728 1597 813 1667 ἀλλὰ
838 1598 898 1669 καί
923 1591 969 1682 ὦς
996 1617 1140 1671 mutatum
1170 1631 1237 1672 caso
1263 1612 1407 1675 cruciatur.

239 1713 314 1775 Nam
334 1711 422 1773 etiaru
443 1708 596 1793 postillac
617 1726 718 1770 romara
739 1719 816 1770 recto
835 1698 910 1770 ἀλλ’
937 1699 996 1790 ὅγε
1023 1705 1064 1796 tlp'
1092 1712 1148 1775 clici
1169 1713 1279 1794 potuit3
1305 1723 1407 1778 contra

239 1815 300 1879 Ιισσ
314 1806 399 1876 ἀλλὰ
419 1809 477 1876 καὶ
500 1796 547 1888 ὧς
573 1811 672 1875 nriauas
692 1811 855 1892 expolitam
875 1811 961 1874 lralrot
981 1814 1218 1894 explicationem,
1234 1837 1293 1898 quo
1309 1818 1407 1882 urinua

239 1919 278 1982 ab
298 1917 507 1998 interpolatum
526 1924 664 1994 tanlquam
684 1913 781 1994 aptius
802 1915 857 1977 tttu
876 1914 1008 1978 urrsilrua
1028 1935 1085 1999 pro
1100 1917 1148 1980 illo
1171 1919 1262 1982 altoro
1277 1921 1407 2001 positum

240 2021 330 2082 otton·
347 2029 454 2100 pou-nt.
484 2018 541 2079 Scri
556 2036 616 2097 uuo
632 2015 747 2097 planior
762 2033 808 2077 rou
825 2018 883 2090 liat,
899 2035 1018 2080 omnem
1035 2019 1122 2082 lauiua
1134 2020 1251 2084 llclrillis
1266 2023 1409 2086 orationis

242 2123 470 2203 dispositionum
485 2119 727 2200 ruutrmplomur.
770 2118 861 2198 igitur
875 2119 1012 2194 Achilleo,
1028 2121 1074 2184 cui
1090 2122 1210 2185 nimiam
1225 2125 1407 2188 atrocitatem

243 2234 273 2287 ot
298 2221 541 2287 iuliumanitaunu
561 2219 713 2282 Patroclus
734 2220 891 2292 «abiecerat,
918 2223 1070 2286 excutitur
1086 2224 1123 2287 ab
1143 2225 1202 2288 irac
1229 2246 1300 2289 aaran
1319 2247 1407 2292 exou-

243 2328 358 2389 catiouo
391 2323 570 2404 iniuriaoquo
596 2321 632 2384 alr
660 2324 880 2403 Agarrarumono
906 2321 961 2385 silai
996 2327 1085 2388 lacurn
1117 2331 1408 2404 oonanromorationo,

244 2447 271 2490 v.
287 2427 424 2490 ‚ut-59.
468 2425 551 2497 Suu,
565 2423 674 2504 imprit.
689 2425 896 2488 omittamus
910 2425 1009 2488 lianc:
1026 2419 1122 2506 (ἀλλὰ
1143 2425 1187 2492 roi
1207 2425 1267 2509 μὲν
1289 2453 1409 2515 προτε-

244 2523 560 2610 τύχθαι-ἕάσσμσν)ε
583 2527 748 2605 intelligo
767 2526 835 2589 iam
862 2527 948 2589 iram
968 2527 1045 2591 sinc
1067 2531 1136 2594 line
1162 2534 1310 2596 retineri
1338 2554 1408 2598 non

246 2653 368 2716 posco,
383 2649 591 2714 quamquam
606 2638 799 2692 statueram
815 2647 900 2692 sano
916 2648 1157 2712 nonunquam
1174 2634 1266 2697 riona
1283 2637 1407 2700 roario·

244 2754 366 2798 surum
386 2753 481 2806 arao,
506 2731 578 2795 uiri
598 2750 701 2813 qurum
728 2731 769 2792 acl
789 2749 884 2794 mcac
904 2750 1014 2813 usquo
1033 2752 1140 2797 uaros
1160 2737 1282 2800 lrostoa
1298 2759 1406 2820 pour-

246 2847 414 2901 traccont.
473 2835 524 2897 'lu
553 2852 638 2915 orgo
667 2833 776 2895 inclara
804 2851 898 2897 artua
929 2855 1001 2900 moa
1030 2845 1064 2900 ot
1094 2839 1336 2918 llprmirlouoo
1366 2843 1407 2905 ml

245 2941 416 3025 procliuia
435 2940 538 3011 crluc,
560 2935 847 3020 quandoquidem
869 2936 933 2998 iarn
950 2938 1100 3002 Troiani
1121 2940 1153 3002 iu
1174 2953 1295 3006 castra
1312 2943 1407 3008 irru-

245 3052 391 3125 perunt,
412 3062 437 3104 u.
456 3041 593 3104 inl—69.
648 3041 766 3103 l'atotur
791 3039 878 3120 igitur
902 3041 1026 3104 llclrillos
1053 3063 1086 3104 so
1111 3043 1167 3104 iana
1194 3062 1256 3107 nou
1283 3065 1408 3128 prorsus

245 3145 446 3229 promitterem
462 3145 561 3227 priore
578 3143 720 3206 srutontia
741 3162 843 3224 posco,
857 3143 911 3206 roal
926 3144 1067 3207 laactomu
1084 3146 1185 3208 saltum
1201 3149 1407 3214 romiltruduur

245 3249 351 3325 rioloro,
369 3257 402 3311 ut
416 3247 566 3322 Patroclo,
585 3245 664 3328 ‹puorl
686 3247 710 3308 iu
731 3265 795 3309 aso
810 3246 963 3328 polluerat,
983 3248 1076 3311 lacoro
1091 3250 1240 3312 conrodat
1284 3253 1408 3317 Moriatur

245 3351 404 3414 rorrmntiau
434 3370 520 3414 raum
547 3351 643 3433 ponta
673 3361 719 3410 oct
745 3349 775 3410 in
802 3348 999 3412 Troianorum
1025 3349 1144 3412 uictoria
1170 3351 1408 3438 Graecorumque·¹

247 3455 338 3528 clauim
358 3455 429 3515 luacc
443 3453 531 3534 igitur
549 3451 774 3514 maaruaomorari
794 3451 972 3514 couronions
987 3461 1058 3528 orat,
1072 3471 1127 3515 noc
1146 3453 1225 3516 iusto
1245 3455 1407 3536 longiorem
1465 3529 1467 3534 ,

248 3557 321 3618 Ιισιισ
345 3553 658 3618 corrrrnoauorationom
684 3552 788 3626 uiolari,
815 3553 872 3616 iam
899 3571 988 3636 cupra
1015 3553 1084 3617 ulixi.
1128 3556 1213 3618 Nunc
1237 3568 1334 3621 autom
1361 3560 1409 3622 iria

246 3656 485 3720 commemoratio
504 3656 573 3738 qarirl
593 3655 716 3730 mirum,
742 3655 767 3718 ri
787 3655 874 3718 otiam
894 3673 948 3719 cur
970 3665 1083 3720 tanturn
1103 3655 1223 3720 Troiani
1250 3662 1409 3742 potuerint.

246 3779 306 3824 nou
332 3756 558 3844 praetermittit?
592 3748 645 3821 ul
667 3755 739 3844 γὰρ
758 3751 853 3844 ἐμῆς
877 3751 1048 3846 κόρυθος
1073 3753 1282 3826 λεύσσουσι
1311 3759 1409 3847 πρό-

246 3883 392 3942 σωπον,
415 3864 528 3945 inquit
542 3881 568 3924 u.
584 3863 639 3925 tu:
660 3880 729 3925 non
745 3872 931 3926 torrentur
948 3862 1103 3944 amplius
1125 3881 1201 3926 moo
1221 3865 1408 3946 arlopcotu.

248 3965 329 4029 Nam
345 3971 508 4048 prolecto
523 3965 642 4028 rtatim
658 3964 922 4048 reprellcroutur
940 3966 1247 4048 cautioribusque
1261 3987 1407 4032 auorum

248 4068 610 4149 locraucoruploront.
625 4068 654 4130 ci
667 4070 903 4150 Agamemnon
918 4067 1212 4149 acquoarlvcruus
1228 4071 1408 4137 meanimo

248 4183 356 4244 eraut.
385 4161 444 4250 (εἴ
467 4191 535 4250 μοι
565 4163 706 4255 κρείων
726 4161 981 4254 Ἀγαμέμνων
1010 4161 1115 4258 ἤπια
1145 4164 1305 4260 εἰδείη),
1332 4175 1362 4238 lr.
1382 4196 1407 4240 o.

250 4269 278 4334 ri
307 4291 360 4335 mu
384 4273 542 4355 placare,
571 4285 606 4337 ut
631 4293 695 4356 par
719 4283 809 4348 crat,
837 4272 994 4355 miliique
1019 4274 1232 4340 ratirlaccro
1257 4288 1410 4361 propter

251 4373 413 4438 iniuriam
429 4374 615 4439 roluiruot.
659 4379 726 4441 Sed
746 4397 839 4442 nunc
857 4375 910 4439 illi
931 4375 964 4440 in
984 4377 1115 4442 uostris
1134 4387 1310 4462 pugnant:
1330 4397 1408 4445 nam

250 4476 1409 4562 uaclliommlarampliuccouarcoropotcrt,nocltgam'omnom
