3106 4958
151 741 157 750 ·
257 721 309 794 sit,
329 735 422 798 norrun
441 732 521 778 anna
541 711 681 776 atlrcrsus
701 711 804 776 lrostcs
823 723 1024 794 sumptorum,
1045 713 1100 778 nisi
1121 733 1174 776 ooo
1191 715 1219 779 in
1240 736 1309 781 suas
1326 717 1419 802 ipsius

256 839 342 883 nares
362 819 505 899 inunctum
526 817 619 880 iaocre
640 816 797 898 ignemque
815 815 851 878 iia
874 815 980 880 inlorro
1000 817 1112 880 ridorit.
1156 817 1205 880 Sic
1225 820 1309 902 legati
1324 840 1357 884 ro
1372 821 1420 884 in·

257 927 327 986 buta
348 921 480 984 rerlcunt
524 921 649 983 Postero
669 921 716 983 clio
737 919 951 1001 rotlintrunrtur
971 919 1132 1002 proeliunm
1147 921 1323 1004 aliquamdiu
1338 925 1419 988 racio

256 1027 344 1088 blano
359 1023 522 1098 dimicatur,
537 1044 605 1087 rrrox
622 1032 718 1088 autom
738 1023 894 1085 rulnoratis
909 1027 1142 1104 Agamemnone,
1158 1025 1312 1102 illumatio,
1328 1027 1420 1100 Ulirrr,

254 1137 283 1191 ot
301 1129 404 1190 carlrro
424 1126 536 1209 pmrlio
557 1129 680 1200 coactis,
706 1125 825 1190 Troiani
845 1126 970 1189 rictorcs
992 1127 1020 1188 in
1041 1127 1106 1208 ipsa
1127 1128 1305 1192 Graecorum
1326 1139 1420 1193 rastra

255 1231 422 1310 irmmpunt
447 1247 609 1310 naronmuo
633 1228 785 1292 l‘rotcsilai
811 1227 979 1292 inconrlunt.
1035 1229 1075 1291 lta
1106 1231 1225 1293 tlornum
1251 1231 1420 1313 propinquo

257 1332 385 1415 rnrimlo
397 1330 522 1394 bobillcs
535 1331 746 1394 occurrcmlum
758 1351 824 1392 osso
836 1329 975 1412 intelligit,
990 1331 1054 1412 ipso
1069 1341 1166 1394 tanton
1182 1343 1215 1395 nt
1229 1353 1309 1396 arma
1325 1345 1423 1398 sumat

257 1454 294 1499 no
308 1454 388 1499 nuno
408 1433 526 1516 qublorn
546 1435 676 1496 atriorum
697 1432 821 1508 inducit,
840 1433 891 1494 sori
908 1433 1059 1510 Patroclo,
1075 1434 1171 1497 amico
1187 1455 1253 1511 suo,
1270 1439 1421 1518 porroittit.

257 1537 523 1612 attaminatum
539 1536 666 1610 inclutus,
681 1555 749 1599 cum
764 1535 996 1618 Myrmidonibus
1012 1535 1126 1601 obuiam
1142 1537 1280 1602 hostibus
1296 1551 1352 1615 cat,
1368 1541 1423 1605 bar.

258 1651 354 1704 tamon
369 1641 444 1720 boga,
464 1649 496 1703 ut
516 1639 653 1721 ranclloro
672 1659 725 1701 eos
744 1659 760 1701 a
781 1639 885 1702 urstris
901 1647 1058 1703 contentus
1073 1641 1191 1722 longius
1212 1642 1322 1706 instare
1338 1644 1422 1713 nolit.

257 1744 308 1806 sou
323 1744 422 1806 statim
438 1743 474 1806 acl
491 1764 524 1804 so
539 1751 707 1815 rmcrtatur,
724 1744 831 1823 partim
847 1743 964 1824 qtridem
981 1742 1066 1806 saluti
1083 1744 1208 1808 Patrocli
1226 1746 1421 1828 prospiciens.

258 1846 381 1909 inaximo
396 1855 503 1916 autom.
517 1865 569 1920 no,
583 1845 608 1908 si
624 1847 690 1927 plus
705 1847 841 1907 rllootum
858 1847 934 1908 iorct
953 1866 1058 1928 rosqtro
1073 1847 1252 1910 Graecorum
1274 1849 1303 1911 in
1319 1850 1423 1912 molius

258 1949 426 2022 vertissent,
449 1947 543 2029 insius
564 1967 652 2028 ono-ra
673 1947 798 2009 minoris
818 1947 989 2009 aestimetur
1006 1967 1120 2029 suoque
1140 1948 1247 2030 aliquid
1267 1951 1424 2029 derogetur

258 2050 375 2113 bonori.
430 2047 582 2112 Patroclus
612 2059 708 2110 tamon
735 2067 877 2112 successu
906 2047 999 2112 alatus
1030 2049 1105 2112 bnon
1132 2049 1269 2112 nramlata
1296 2050 1424 2131 negligit.

259 2153 404 2216 Troianos
422 2149 538 2231 longius
559 2149 748 2231 tunsoquitur
765 2159 795 2212 ct
814 2167 907 2230 usquo
926 2150 961 2212 acl
982 2149 1086 2212 urbem
1102 2148 1228 2231 ropcllit,
1249 2150 1344 2214 ‹lonro
1359 2162 1423 2215 tan-

260 2254 326 2315 clam
346 2254 383 2315 ab
404 2253 527 2315 llactora
551 2262 580 2314 rt
599 2250 761 2332 Euphorbo
786 2251 986 2314 obtruncatur.
1035 2251 1120 2314 Nunc
1144 2251 1262 2315 clcnrunr
1284 2254 1425 2335 frangitur

260 2354 376 2418 tctrittb
400 2355 527 2430 animus,
552 2356 609 2419 hoc
636 2354 809 2435 gravissimo
829 2353 947 2416 rulncrc
968 2363 1102 2435 nonanto,
1129 2372 1209 2416 nuno
1235 2355 1423 2436 pertinaciam

260 2477 343 2520 suam
363 2457 485 2519 clanrnat
507 2457 637 2538 nibilquo
657 2455 783 2536 amplius
807 2474 894 2536 qrrun
914 2475 995 2519 arma
1019 2466 1048 2518 ct
1068 2457 1211 2537 proelium
1233 2459 1343 2538 poscit,
1364 2476 1423 2538 quo

260 2569 384 2622 mortam
399 2558 485 2620 amici
500 2559 665 2622 ulciscatur.
680 2592 722 2602 —
736 2558 790 2619 Est
809 2558 941 2637 prolecto
958 2557 1027 2619 baoc
1046 2576 1146 2622 rorum
1162 2559 1253 2622 sorios
1268 2559 1425 2628 eiusmodi.

260 2679 347 2742 quam
362 2659 444 2722 facilc
458 2661 559 2724 croulas
576 2660 684 2724 idcirco
700 2657 743 2722 sio
757 2679 774 2721 a
789 2667 875 2739 pocta
891 2669 1055 2722 contortam
1071 2681 1154 2732 csso,
1170 2670 1203 2723 ut
1219 2680 1274 2742 pro
1290 2661 1424 2741 orrmplo

258 2774 348 2838 nasot,
372 2781 460 2844 quam
481 2761 572 2824 inrisa
592 2761 763 2824 caelestibus
783 2761 975 2824 immoderata
997 2761 1041 2824 illa
1061 2763 1230 2826 mortalium
1257 2763 1424 2826 animorum
1490 2781 1492 2786 ·

203 2940 211 2952 ν
258 2865 613 2947 clatio,quamouoi1rsis
633 2864 821 2946 plonrmquo,
841 2864 891 2944 qni
911 2863 1033 2925 modum
1053 2866 1238 2938 corroderent,
1258 2865 1424 2946 [ramiciosa

258 2979 349 3044 cssot3
362 2979 391 3030 ot
406 2957 514 3039 tarrron,
528 2966 554 3030 si
569 2985 669 3029 rorum
685 2967 780 3028 clicaro
795 2966 939 3039 volumus,
954 2963 984 3025 in
999 2965 1071 3044 ipsis
1087 2968 1267 3031 carminibus
1282 2977 1332 3030 aut
1346 2967 1423 3030 nulla

259 3080 308 3132 ant
327 3089 467 3151 ornrarra
486 3068 575 3131 buius
596 3068 637 3130 roi
657 3067 760 3130 indicia
781 3065 1053 3148 daprolrenrluntnr.
1098 3068 1354 3144 uinulentum,
1374 3070 1423 3132 ubi

214 3189 245 3240 tt
263 3171 472 3253 implacabilem
494 3169 552 3232 orlii
572 3169 757 3231 acerbitatem
778 3169 909 3249 iramque
927 3167 1016 3230 nimis
1037 3169 1214 3250 pcrtinnmm
1231 3171 1392 3253 improbari
1408 3191 1423 3233 a

261 3274 334 3336 «liris
348 3282 378 3336 ot
392 3272 524 3354 castigari
540 3271 692 3344 audimus,
708 3269 737 3333 in
752 3269 909 3332 Phoenicis
925 3269 1071 3342 oratione,
1092 3290 1148 3352 qua
1165 3271 1190 3332 ia
1205 3271 1343 3336 bcbibom
1360 3272 1423 3353 pla-

262 3394 326 3438 care
347 3377 453 3439 lruatra
474 3383 607 3448 conatur,
622 3373 671 3448 tx,
686 3371 879 3447 ortt-5143
893 3382 922 3434 ct
936 3371 1048 3453 pambo
1061 3371 1104 3434 val
1120 3373 1149 3434 in
1165 3373 1268 3437 ooclcnr
1284 3375 1358 3438 libro
1374 3374 1424 3444 tx.

263 3480 303 3542 rol
323 3479 353 3542 in
372 3476 497 3542 Patrocli
518 3475 652 3539 oratione
668 3475 717 3538 lib.
739 3474 810 3550 xvt
835 3475 1006 3556 obiurgator
1024 3474 1151 3538 bohilloa
1176 3485 1314 3558 tanqrram
1334 3479 1424 3540 nimis

262 3585 353 3647 durna
383 3591 470 3662 atqua
499 3579 687 3642 inhumanus.
732 3578 789 3642 Sed
820 3577 900 3641 illum
926 3579 1024 3643 locum
1055 3579 1083 3641 in
1110 3579 1265 3642 Phoenicia
1292 3581 1425 3643 oratiom-

263 3685 429 3749 b'itzoolrius
448 3701 544 3764 nuper
564 3689 606 3764 (p.
627 3681 697 3758 tto)
718 3681 748 3744 in
769 3681 968 3762 suspicionem
985 3681 1111 3756 voravit,
1128 3692 1266 3764 tanquam
1282 3682 1318 3746 ab
1333 3684 1424 3746 tour-

263 3789 395 3870 polatoro
410 3786 508 3869 aliquo
525 3785 678 3857 inscrtum,
692 3783 771 3865 quorl
786 3783 812 3846 si
827 3783 866 3848 ita
882 3795 939 3858 ost.
959 3785 1029 3848 nibil
1044 3795 1089 3850 ost
1104 3787 1133 3849 in
1150 3795 1209 3849 tota
1224 3784 1325 3856 llinda,
1345 3787 1424 3866 qnorl

263 3892 357 3972 aliquo
378 3890 468 3954 morlo
493 3889 620 3953 «lirinum
640 3886 924 3951 animaduorsionem
946 3887 1163 3972 castigandiquo
1182 3887 1300 3950 Achillia
1325 3889 1425 3950 consi·

265 3995 333 4056 lium
352 3993 514 4074 signiticaro
538 3993 679 4056 dicamus.
730 3989 824 4053 lnrmo
845 3991 955 4074 iupiter
973 3991 1037 4075 ipso
1058 3991 1102 4054 rio
1120 3990 1243 4072 loquens
1269 3989 1427 4062 inducitur,

266 4114 299 4158 ac
312 4097 337 4158 ai
352 4113 413 4158 non
428 4095 499 4157 satis
513 4095 681 4157 consultum
696 4092 815 4156 Achillis
831 4093 939 4157 honori
954 4101 1079 4166 ornarat,
1094 4091 1151 4155 nisi
1166 4091 1290 4156 virtores
1306 4091 1425 4157 Troiani

266 4199 297 4260 in
316 4207 410 4260 cartu
430 4197 503 4260 arico
522 4197 700 4260 Graecorum
726 4195 901 4277 mouerint,
921 4195 1000 4270 llll,
1025 4195 1213 4257 471-477.
1232 4197 1268 4259 cl.
1288 4193 1352 4271 XV,
1373 4195 1426 4259 63.

266 4298 365 4380 ltaque
379 4297 405 4361 si
419 4297 487 4360 illud
503 4307 600 4360 tamen
614 4298 734 4380 cogitari
755 4297 792 4360 ab
812 4297 995 4360 auditoribus
1015 4307 1101 4379 pocta
1122 4296 1228 4372 voluit,
1247 4299 1295 4362 bio
1308 4316 1427 4380 quoquo

266 4398 412 4464 muntia
426 4397 549 4480 quadam
569 4417 636 4462 sum
651 4419 738 4465 usum
757 4419 825 4462 csso
841 4399 991 4462 tarantum
1011 4398 1075 4461 mit
1118 4398 1251 4463 Forsitan
1272 4408 1368 4462 antem
1384 4399 1428 4462 aio

267 4503 365 4585 potitor
379 4521 413 4564 aa
426 4518 474 4564 rea
489 4499 606 4576 balneat,
624 4512 657 4564 ut
675 4502 821 4566 veteribus
836 4501 905 4576 illia,
924 4500 973 4582 qui
989 4497 1076 4582 primi
1094 4500 1168 4564 baec
1181 4501 1310 4566 carmina
1325 4510 1427 4565 canu·
