3106 4958
677 374 878 474 Δ...

198 557 281 623 aibna
300 557 377 724 φαᾶ
398 559 580 643 Stephanum
595 559 662 643 llya.
677 581 704 624 ν.
718 551 865 650 ’Ἔφεσος
885 582 914 646 p.
930 563 993 628 282
1007 570 1038 626 et
1051 562 1081 626 in
1097 563 1271 646 bnthologia
1286 575 1358 629 tom.

197 663 337 745 dnh:
1123 679 1127 688 ’

337 755 468 851 Ἠίριαι
489 759 636 854 νεφέλαι,
659 761 772 832 πόθεν
793 761 900 834 iidata
921 765 1027 857 πικρὰ
1048 761 1194 834 νιιοῦσαί

463 865 570 934 Νυκτὶ
590 865 650 934 σῦν
668 862 835 958 αἷστεμφεῖ
853 867 965 938 πάντα
986 867 1221 951 κατεκλύσατες

197 981 315 1034 noetem
327 973 484 1055 significari
498 974 627 1037 arbitror
640 975 794 1050 crudelem,
809 975 931 1056 rigidam
941 981 982 1057 ⁴).
1009 977 1148 1042 Similiter
1159 977 1247 1058 igitur
1256 989 1360 1042 nostro

198 1074 265 1138 loeo
281 1076 388 1150 dmor,
408 1095 475 1140 oum
491 1077 583 1140 llorea
602 1088 805 1158 comparatus,
825 1070 996 1165 α’στεμβφς
1020 1091 1140 1144 vocatur
1154 1089 1278 1162 propter
1291 1080 1361 1163 rigi·

198 1175 266 1239 dam
281 1178 444 1258 duramque
457 1178 639 1254 uiolentiam,
654 1198 728 1259 ιμιιιυ
742 1179 820 1243 nulla
834 1197 866 1242 re
880 1181 1005 1244 deotitur
1019 1192 1070 1246 aut
1083 1183 1255 1256 retardatur,
1268 1175 1362 1267 ἐρεμ·

198 1273 256 1354 νὸς
270 1288 377 1352 autem,
392 1289 425 1342 ut
438 1276 568 1364 λαῖλαψ
581 1273 696 1366 ἐρεμνὴ
712 1282 788 1363 apud
805 1282 978 1356 llomerum,
992 1287 1059 1365 quia
1075 1283 1169 1348 nnbm
1184 1293 1214 1345 et
1228 1282 1363 1347 tenebras

199 1381 328 1455 obducit,
344 1381 592 1462 quomadmodum
605 1377 766 1469 γνιιφώδφ
783 1375 922 1468 αἰθέρος
935 1379 1118 1472 φυσήματα
1132 1394 1203 1449 sunt
1213 1384 1290 1466 apud
1304 1386 1364 1448 Eu·

199 1482 324 1562 ripidem
340 1481 448 1547 Troad.
464 1503 491 1546 ν.
507 1485 557 1548 to.
586 1486 725 1548 Farinam
746 1476 914 1573 ιῖατεμβής
934 1497 1031 1551 autom
1052 1498 1169 1568 limetur
1186 1485 1363 1568 llesyehium

198 1584 286 1647 etiam
304 1585 535 1667 Etymologioum
561 1585 726 1651 Gudianum
750 1589 885 1670 agatoaoit
909 1600 951 1664 et,
970 1589 996 1652 oi
1017 1599 1095 1653 reete
1110 1590 1193 1653 luoua
1214 1609 1247 1651 aa.
1268 1587 1364 1660 habet,

200 1685 352 1749 Philoxeni
368 1695 471 1768 poene
485 1687 657 1751 attotoritate
672 1690 858 1772 comprobat,
874 1712 902 1773 μ.
921 1693 975 1766 85,
991 1694 1045 1756 dd:
1061 1683 1210 1778 ἆστεφφς
1233 1681 1366 1772 [ἀστεμ-

202 1784 276 1874 φιῙς]
294 1783 352 1851 καὶ
367 1780 573 1872 ἀστεμφέως,
596 1780 844 1876 ιῖμεταιιινῆτιις
857 1788 914 1857 καὶ
931 1787 1080 1876 ἰσχυρῶς,
1104 1789 1197 1878 παρὰ
1210 1787 1250 1855 τὸ
1266 1809 1366 1871 στεμ-

201 1911 253 1973 μω
282 1878 496 1975 [στέμβιι],ὃ
524 1883 679 1975 σημαίνει
705 1889 745 1955 τὸ
770 1895 872 1958 κινεῖν
892 1893 1041 1977 συνεχῶς.
1090 1888 1174 1958 οὕτω
1201 1887 1365 1978 μέμνηται

205 1986 379 2079 [κέχρηται]
402 1983 585 2072 Αἰσχύλος.
616 1984 784 2077 ἀστεμβὴς
805 1984 862 2059 οὖν
878 1989 1148 2083 ὁιέμεταιίνφτος
1162 1991 1220 2058 καὶ
1242 1986 1365 2074 ἀστεμ-

203 2089 285 2182 φής·
308 2086 394 2158 αἴτια
417 2089 603 2173 Φιλόξενος.
626 2129 668 2140 —-
690 2097 723 2159 ln
739 2097 847 2179 reliqua
866 2101 1020 2180 fragmenti
1035 2109 1118 2182 parte
1137 2117 1232 2180 neque
1247 2096 1365 2159 verbum

204 2191 367 2285 φυλάσσει
397 2215 493 2279 αειμιε
521 2197 690 2262 adverbium
722 2193 896 2264 παιὸόθεν
926 2201 1096 2282 incorrupta
1127 2220 1193 2262 ease
1222 2199 1365 2262 videntur.

205 2293 391 2392 Φυλάσσειν
412 2299 491 2364 enim
513 2300 549 2365 de
568 2303 678 2366 bmore
702 2313 838 2385 tanquam
859 2303 984 2386 procella
1003 2302 1132 2365 bornioia
1152 2301 1283 2364 animum
1303 2309 1366 2364 tur·

204 2405 292 2467 bante
306 2413 335 2467 et
349 2403 523 2484 pereettenre
541 2405 627 2486 longe
647 2405 864 2486 ineptissimum
880 2425 947 2470 esee
962 2404 1082 2488 quilibet
1097 2403 1242 2486 intelligit,
1262 2423 1366 2486 quam·

203 2507 305 2571 obrem
320 2505 365 2570 alii
380 2501 529 2570 τινάσσει
551 2507 754 2582 ooniooetnnt,
775 2507 821 2572 alii
837 2500 1011 2587 elotanae,
1033 2507 1204 2570 Welelterua
1219 2513 1318 2568 autom
1333 2505 1364 2568 in

203 2610 307 2673 hluaeo
321 2609 465 2672 libaneno
485 2626 554 2672 ann.
581 2609 660 2672 1833
680 2628 709 2692 p.
726 2611 785 2673 251
809 2605 986 2698 φυράσσει,
1009 2629 1080 2674 auae
1095 2609 1222 2673 sabrinae
1236 2605 1366 2670 verbum.

203 2711 296 2776 Nobis
320 2712 405 2776 unioe
430 2730 530 2776 rerum
546 2711 674 2786 ridetur,
700 2713 780 2794 quod
806 2714 893 2777 etiam
913 2712 1086 2776 doctissimo
1101 2712 1221 2775 ttottero
1248 2709 1366 2792 placuit,

205 2810 375 2879 σαλάσσει.
411 2809 593 2879 Παιὸόθεν
614 2825 711 2879 auteur
728 2815 856 2879 Naeldua
871 2817 901 2879 in
916 2814 1042 2878 Choerili
1058 2816 1162 2894 fragm
1178 2832 1206 2894 p.
1226 2812 1284 2874 107
1300 2830 1366 2873 oum

206 2911 357 2981 πεδόθεν
375 2917 617 2980 commutandum
633 2920 739 2989 suasit,
760 2916 946 2999 andsaimum
962 2935 1033 2979 aene
1047 2917 1105 2978 boe
1118 2916 1194 2988 loeo,
1209 2914 1261 2976 aed
1277 2931 1366 2995 repu-

207 3019 316 3083 diatum
337 3027 435 3082 umen
455 3016 492 3079 ah
505 3016 677 3079 llermanno
698 3027 868 3099 propterea,
894 3017 974 3098 quod
995 3035 1086 3099 quum
1111 3014 1148 3078 ab
1167 3016 1318 3078 Athenaeo
1337 3016 1368 3079 hi

206 3140 309 3186 rersua
324 3137 380 3204 pro
392 3120 572 3183 tenemento
583 3119 750 3193 afferantur,
767 3138 927 3202 puerorum
942 3118 1094 3182 amoribus
1107 3117 1226 3200 lbyoum
1237 3117 1368 3183 deditum

208 3223 310 3298 luisse,
332 3242 393 3286 non
417 3215 706 3306 perstruendae
727 3220 832 3296 deleri,
854 3220 933 3302 quod
955 3221 982 3284 ai
1004 3219 1088 3294 absit,
1111 3219 1183 3283 nihil
1204 3219 1292 3284 sitin
1312 3221 1371 3286 boe

208 3327 287 3400 looo,
304 3345 340 3390 ex
354 3344 413 3408 quo
428 3335 546 3408 poetam
561 3324 598 3388 do
613 3343 774 3406 puerorum
789 3343 892 3388 amore
906 3323 987 3407 loqui
1002 3343 1208 3406 agnoscamuu
1242 3324 1300 3388 Sed
1317 3345 1369 3389 ne-

208 3450 264 3514 que
278 3428 349 3494 illud
364 3445 463 3491 verum
479 3437 540 3502 eat,
554 3429 633 3510 quod
648 3428 685 3492 de
699 3429 848 3493 Athenaeo
863 3428 1051 3492 llermannua
1065 3427 1148 3504 dioit,
1169 3447 1266 3510 noque
1283 3426 1370 3492 intel·

206 3535 264 3617 ligo
280 3552 339 3616 qua
352 3531 482 3607 rationo,
500 3531 614 3595 etiamai
634 3525 807 3598 παιὸόθιν
820 3541 968 3606 servetur,
987 3529 1093 3614 aliquid
1109 3549 1143 3594 er
1159 3531 1218 3594 hoo
1232 3529 1369 3594 adverbio

209 3639 246 3702 de
259 3652 422 3720 puerorum
437 3653 540 3698 amore
553 3635 694 3716 eognoaoi
709 3637 816 3720 poerit,
830 3635 888 3700 nisi
908 3636 984 3700 torte
998 3634 1184 3698 Hermannua
1199 3625 1372 3696 notdo'daa

207 3741 268 3807 hoo
277 3758 369 3804 aenou
379 3738 470 3822 aooipi
482 3738 551 3813 vult,
566 3748 599 3803 ut
608 3741 750 3804 Amorem
761 3760 796 3804 ex
809 3758 911 3821 numo,
921 3737 968 3803 eui
981 3738 1092 3802 seilicet
1102 3736 1243 3802 insideret
1254 3737 1371 3818 (quena-

210 3844 371 3910 admodum
390 3840 468 3923 apud
489 3842 668 3925 Sophoclem
688 3835 724 3908 lv
748 3839 916 3924 μαλακαῖς
934 3840 1092 3926 παρειαῖς
1110 3833 1262 3916 νεάνιδας
1281 3831 1372 3904 ἕννυ-

281 4107 305 4170 1)
324 4105 378 4158 11αι
389 4105 501 4174 petinet
510 4101 586 4158 etiahr
598 4097 797 4176 ιὶστέμμιιιιτος,
809 4103 920 4156 aiaadaaa
937 4101 1025 4172 atirpia
1036 4099 1197 4169 vocabulum,
1212 4103 1278 4172 apud
1289 4101 1373 4172 Lyco·

216 4191 332 4260 phrone-
350 4191 487 4244 ΑΙετειλε.
504 4207 529 4244 ν.
549 4190 626 4260 1117,
644 4189 686 4243 ubl
703 4189 907 4260 ctyemaerue
924 4189 949 4242 ia
967 4187 1132 4242 Carraodraaa
1148 4189 1265 4242 ιιενίειιι
1282 4187 1375 4242 dicitnr

218 4269 359 4342 δύσζηλοι,
376 4271 552 4348 dordunum
569 4276 779 4350 τιμωρουμινο,
796 4275 861 4344 quot
873 4290 1004 4346 perperam
1016 4290 1031 4328 a
1043 4272 1173 4328 veterina·
1185 4272 1374 4344 inter-predbor,

218 4371 288 4416 nata
300 4377 406 4435 aspera
417 4361 570 4418 monum
582 4363 736 4435 explieatnn
746 4369 795 4416 ert.
