3078 4954
684 449 859 546 ...¹⁰²..,

204 635 328 705 horreat,
343 631 473 693 venerari
488 640 588 694 tamen
603 641 633 695 et
647 633 770 697 adorare
784 651 846 697 non
862 635 959 698 solum
974 643 1096 716 propter
1110 645 1298 716 potestatem,
1313 635 1363 698 ssd

203 745 323 818 propter
337 733 520 815 sapientiam,
535 734 686 814 iustitiam,
701 736 864 801 bonitatem
880 736 990 801 deeeat.

285 837 340 901 llis
354 837 385 901 in
401 837 570 902 unirersum
590 839 627 902 do
641 839 776 923 hesoqtt
791 841 859 904 lore
879 839 1051 922 praemissis
1071 839 1128 902 iarn
1149 841 1186 903 do
1201 839 1368 904 Promethei

205 941 296 1004 tabula
311 941 469 1005 ridendum
485 951 538 1006 est
582 941 616 1005 ln
631 943 687 1006 hae
701 943 781 1006 enim
795 941 990 1026 pravissimos
1004 942 1082 1006 loris
1102 961 1201 1006 mores
1221 943 1369 1024 plerisque

205 1045 285 1108 risos
299 1063 369 1108 esse
385 1063 473 1108 nemo
490 1045 616 1126 ignorat,
632 1065 728 1128 neque
742 1046 930 1109 llermannus
946 1045 1010 1129 ipse
1030 1046 1100 1109 olim
1121 1045 1205 1109 aliter
1226 1044 1370 1108 iudicarit

205 1147 278 1210 llam
291 1147 490 1210 erudelissimi
506 1148 622 1231 tyranni
637 1149 804 1231 exemplum
819 1147 848 1211 io
865 1149 928 1213 eius
944 1166 1073 1232 persona
1093 1148 1282 1230 propositum
1304 1167 1371 1211 esse
1444 1168 1450 1180 ·

206 1251 288 1328 dixit,
305 1251 394 1333 idque
408 1251 485 1334 apud
501 1253 629 1318 Graeoos
646 1253 841 1317 ollensionem
857 1252 966 1317 habere
980 1252 1116 1336 potuisse
1135 1251 1266 1334 negavit,
1286 1260 1320 1314 ιιι
1340 1251 1369 1314 in
1402 1321 1403 1326 ἵ

206 1355 409 1439 religionibus,
436 1376 509 1440 quae
532 1367 612 1422 totae
633 1377 669 1421 et
688 1355 859 1422 huiusmodi
881 1355 985 1421 labulis
1010 1365 1112 1421 essent
1136 1354 1371 1439 compositaell.

207 1459 330 1524 ranan
347 1459 435 1542 igitur
449 1461 493 1526 rir
507 1461 697 1526 doctissimus
717 1463 795 1545 apud
811 1462 987 1544 Aeschylum
1007 1459 1128 1543 eiusque
1147 1460 1282 1542 aequales
1303 1475 1372 1541 per-

207 1563 372 1627 versitatem
393 1565 542 1645 religionis
562 1566 652 1630 luisse
672 1565 808 1642 eredidit,
833 1573 865 1629 ut
885 1563 982 1649 pravis
1002 1565 1125 1629 deomm
1152 1563 1286 1628 moribus
1311 1580 1373 1626 uon

208 1667 433 1744 ollendereotur,
448 1669 605 1752 laremque
617 1668 853 1734 crudelissimum
865 1681 1024 1754 tyrannum
1036 1687 1130 1752 aequo
1141 1668 1241 1732 animo
1254 1670 1373 1731 terrent.

208 1769 290 1835 llune
304 1781 402 1836 autem
416 1772 559 1837 haetenus
574 1775 677 1838 saltem
693 1775 817 1838 mutarit
831 1773 985 1850 iudicium,
1004 1783 1037 1837 ut
1051 1774 1128 1838 duos
1143 1771 1275 1854 nesetqti
1290 1771 1374 1834 loves

208 1874 348 1954 distingui
362 1875 438 1948 velit,
454 1877 575 1939 alterum
591 1876 775 1952 fabulosum,
796 1877 846 1959 qui
861 1878 939 1942 salva
955 1877 1093 1959 religione
1108 1875 1196 1940 etiam
1211 1875 1310 1938 minus
1326 1893 1374 1936 re·

209 1987 345 2042 verenter
369 1977 484 2042 tractari
510 1979 652 2060 potuerit,
678 1979 802 2043 altorum
828 1978 1077 2061 perfectissimum
1097 1988 1126 2042 et
1145 1977 1377 2052 sanctissimum,
1498 2037 1500 2044 ,

84 2083 87 2090 ’
212 2099 327 2144 stimma
343 2098 463 2163 semper
477 2100 546 2144 ourn
560 2081 719 2145 reuerentia
734 2089 945 2145 memoratum:
970 2081 999 2144 iu
1015 2081 1193 2146 Prometheo
1208 2079 1377 2144 fabulosum

213 2183 301 2248 istum
317 2183 456 2267 proponi,
471 2203 506 2248 ao
520 2201 558 2248 ne
573 2185 653 2248 lrune
666 2184 784 2266 quidem
801 2195 860 2249 tam
876 2203 1000 2266 pravum
1015 2203 1096 2259 esse,
1115 2203 1203 2266 quam
1230 2181 1378 2266 plerisque

214 2287 294 2352 risus
314 2287 365 2362 sit,
384 2288 475 2351 modo
502 2289 647 2369 quierem
663 2306 775 2352 nonen
802 2287 1013 2351 hodiernorum
1040 2287 1247 2367 theologorum
1274 2294 1325 2348 aut
1343 2305 1378 2348 ex

213 2389 461 2472 philosophorum
477 2389 599 2473 planitie,
615 2391 666 2453 sed
678 2410 712 2452 er
729 2390 863 2472 Aeschyli
878 2388 985 2452 eteius
1005 2387 1167 2468 aequalium
1188 2386 1379 2471 opinionibus

214 2492 369 2558 aestimare
383 2492 459 2557 velit
502 2493 566 2556 lloo
580 2492 668 2575 igitur
682 2510 793 2556 novum
808 2509 896 2556 suum
913 2489 1051 2554 iudicium
1067 2490 1247 2573 probatums
1261 2510 1291 2573 p.
1307 2491 1326 2552 5
1342 2489 1380 2552 ab

54 2625 55 2630 ¹
184 2595 391 2678 desponendo
407 2595 520 2660 tabulae
533 2603 708 2677 argumento
720 2595 834 2658 initium
851 2593 926 2656 lacit
970 2593 1090 2667 „Quum
1106 2591 1257 2670 Titanes,·⁸
1276 2593 1380 2674 inquit,

214 2701 310 2778 „latu
328 2719 362 2764 se
381 2699 589 2774 deliberarent,
605 2708 705 2762 utrum
722 2699 882 2762 Saturnum
901 2712 939 2760 ou
962 2695 1061 2758 iorem
1083 2713 1204 2776 regnare
1220 2705 1380 2779 oporteret,
1408 2683 1409 2688 ’

215 2803 411 2870 Pmmetbeus
429 2801 537 2875 ellecit,
564 2811 596 2866 ut
614 2809 749 2884 ereptum
766 2802 894 2864 Saturno
909 2817 1034 2882 regnum
1050 2798 1211 2862 traderetur
1224 2797 1301 2862 lori:
1319 2817 1380 2880 quo

214 2909 260 2974 ille
280 2906 408 2990 potitus,
428 2905 582 2970 Titanibus
602 2906 631 2968 in
646 2906 801 2968 Tartarum
822 2903 965 2974 detrusis,
991 2901 1091 2964 mutulo
1111 2899 1233 2982 singulis
1253 2901 1309 2965 diis
1328 2921 1381 2965 suu

216 3011 400 3094 assignarim·
446 3012 563 3076 Poterat.
591 3008 703 3082 rlimro,
734 3006 943 3072 l'ronrotbeunr
970 3003 1076 3070 illuda
1102 3023 1135 3068 ae
1154 3007 1289 3070 ellectum
1316 3025 1382 3069 esse

216 3117 347 3204 gloriari:
359 3137 426 3182 narn
440 3114 550 3182 laoilior
562 3116 644 3176 lieret
657 3111 733 3176 loris
748 3110 890 3184 alrlertsio,
906 3109 932 3174 si
948 3109 994 3172 illa
1009 3109 1136 3172 fortasse
1148 3107 1282 3172 rrrerituor
1295 3127 1382 3173 atrurn

217 3243 307 3308 supra
333 3241 434 3286 rerum
464 3217 632 3290 extulissetr
660 3216 713 3280 aed
746 3215 897 3278 mittamus
922 3213 995 3289 hoe,
1025 3211 1237 3296 audiamusque
1263 3213 1382 3296 reliqua.

219 3326 311 3404 „lori,
326 3343 419 3408 quum
434 3321 535 3386 deletis
551 3317 721 3385 bominibus
736 3316 813 3382 aliud
829 3335 940 3381 nurum
962 3335 1056 3397 genus
1076 3333 1177 3380 oreore
1192 3315 1286 3391 vellet,
1305 3315 1384 3379 Pro-

218 3431 357 3495 metheus
372 3426 521 3492 miseritus
538 3423 693 3486 bominum
709 3419 831 3495 obstitit,
848 3419 1086 3502 subductumque
1100 3419 1175 3482 olaus
1197 3419 1295 3499 ignem
1315 3439 1382 3484 eum

220 3531 393 3599 mortalibus
419 3525 660 3600 communicarit,
686 3543 746 3608 quo
773 3522 954 3606 competitos
980 3531 1057 3586 artes
1083 3522 1197 3598 ooeuir,
1223 3521 1329 3605 quibus
1348 3523 1385 3586 ab

220 3636 326 3722 agresti
346 3633 457 3699 ieritate
479 3631 515 3696 od
537 3629 714 3693 eorrrmodae
732 3634 762 3690 et
781 3625 926 3690 ineundae
952 3625 1025 3689 ritae
1044 3625 1156 3690 nultum
1181 3626 1385 3690 eveherentur.

220 3745 409 3824 Quapropter
423 3737 514 3801 iratus
529 3731 661 3816 luppiter
675 3748 743 3794 eum
759 3731 789 3792 in
806 3729 941 3813 Scythiae
960 3730 1077 3794 deserto
1092 3729 1160 3810 rupi
1180 3728 1300 3809 albgit“
1343 3729 1386 3792 lta

217 3845 353 3928 exposito
379 3842 494 3906 labulae
508 3845 698 3920 argumento,
724 3833 844 3916 „quid“,
868 3833 996 3918 quaerit,
1021 3842 1089 3908 „est
1108 3833 1137 3896 io
1157 3832 1220 3906 bis,
1240 3831 1321 3913 quod
1336 3841 1387 3894 aut

219 3968 337 4015 morum
363 3946 533 4031 pravitatem
558 3942 636 4007 loris
661 3948 778 4023 uruat,
804 3948 855 4003 aut
878 3937 1055 4020 probitatem
1087 3942 1255 4016 suspeeum
1285 3933 1387 3999 reddat

221 4049 411 4116 Promethei?
435 4048 580 4130 Ingratus,
596 4045 700 4128 iuquit,
714 4042 846 4125 luppiter
856 4048 902 4104 est
915 4059 984 4122 erga
996 4037 1215 4110 Prometheum,
1230 4055 1385 4120 perquem

222 4165 267 4219 est
287 4171 410 4236 regotur
435 4153 570 4236 adeptus.
613 4146 793 4213 Prometheo
814 4145 853 4209 ita
878 4141 969 4206 rideri
988 4159 1051 4205 oon
1077 4150 1122 4206 est
1145 4140 1265 4206 mirum.
1308 4139 1385 4204 Num

223 4276 302 4334 vero,
316 4255 342 4320 si
356 4267 459 4337 regnat
472 4274 525 4341 per
539 4251 751 4321 Prometheum
765 4247 905 4332 luppiter,
919 4254 1075 4329 pmpterea
1090 4245 1164 4310 ierat
1182 4243 1386 4310 adversantem

227 4417 413 4430 ,μοι-σω.-
424 4416 513 4428 mu—

292 4482 438 4552 lllliasert.
451 4483 481 4536 te
495 4483 584 4538 hesel.
598 4483 682 4537 Pron.
694 4480 773 4534 solat.
786 4477 812 4532 ia
825 4475 934 4544 operor.
949 4481 999 4529 ton
1012 4473 1056 4528 tv.
1068 4489 1093 4542 p.
1106 4471 1165 4526 256.
