3078 4954
664 471 699 480 -.
720 385 863 482 ..¹.⁵.⁵„..-

267 569 367 636 ramo
382 581 465 654 post,
479 571 548 635 ilem
563 571 594 635 in
609 569 803 645 commaticis,
817 589 844 634 v.
863 570 957 644 1179,
971 571 1089 636 codices
1100 571 1171 634 lucc
1185 569 1307 634 hahent:

381 668 537 758 βιάζεται
559 665 593 738 δ’
615 667 825 758 ὁμοσπόροις

382 771 593 866 ἐπιρροαῖσιν
616 770 765 860 αἱμάτων

381 874 608 972 με’λαςἍρῳς·
631 876 712 948 ίίιιοι
737 878 776 946 dd
796 877 853 947 καί
877 873 1088 967 προσβαίνων

384 980 494 1070 πάχνα
515 983 706 1076 κουροβόρῳ
729 981 878 1075 παρέξει.

182 1083 378 1178 Προβαίνων
391 1093 448 1158 inm
464 1093 574 1158 dudum
590 1095 729 1158 &icterus
743 1093 890 1178 reposuit,
905 1085 1015 1176 πάχνα
1026 1084 1226 1172 tremonem,
1237 1110 1343 1156 cruo-

182 1215 252 1260 rem
275 1197 333 1261 hoc
347 1197 489 1262 veebum
504 1198 659 1281 significari
674 1199 815 1274 eredens,
831 1199 1065 1280 sententiamque
1079 1198 1123 1260 sic
1134 1197 1344 1278 interpretans:

182 1311 215 1364 et
229 1319 372 1384 quoquo
387 1301 622 1384 progrediens
638 1301 804 1366 notiroro
820 1301 941 1365 cruori
955 1321 1015 1364 ees
1030 1299 1227 1376 exhibebit,
1241 1318 1346 1382 nempe

183 1395 396 1490 όμοσπόρονς
410 1398 569 1492 διαρροάς
584 1397 742 1486 αίμάτων.
776 1396 893 1482 ,meree
916 1397 1025 1468 δὲκαὶ
1047 1393 1274 1489 προβαι’νων“,
1301 1403 1345 1466 iu·

183 1508 255 1590 quit,
270 1508 370 1584 „idem
385 1518 432 1572 est
446 1518 533 1591 eupue
547 1499 627 1572 ὅποι
643 1499 677 1571 δ’
699 1497 741 1571 ι’ίν
759 1503 818 1571 καὶ
832 1505 976 1594 προβῇ.“
1011 1506 1042 1571 ld
1058 1508 1130 1571 milu
1145 1525 1286 1590 perquam
1299 1505 1345 1569 in·
1362 1523 1391 1574 15

183 1611 319 1676 credibile
330 1611 457 1687 videtur,
472 1622 501 1675 et
515 1604 626 1691 πάχνα
642 1613 679 1676 de
692 1631 798 1677 cruore
813 1612 975 1676 inauditum
991 1623 1070 1676 certe
1083 1631 1118 1677 no
1128 1610 1193 1676 sinc
1203 1609 1345 1692 exemplo.

184 1713 360 1798 Aeschylum
374 1713 530 1797 scripsisse
546 1716 695 1799 suspicare

384 1851 426 1864 -
468 1853 512 1864 -
555 1811 657 1900 όμοια
678 1810 709 1882 δ’
731 1805 773 1882 αὖ
794 1811 985 1904 προβαίνων

385 1917 491 2008 ποινᾷ
512 1916 705 2008 κουροβόρῳ
727 1916 873 2005 παρέξει.

184 2022 213 2087 Ιι.
229 2041 255 2087 e.
271 2033 306 2086 et
320 2041 430 2106 porro
447 2024 689 2106 progrediens
710 2025 843 2088 siurilie
858 2042 987 2088 rursus
1007 2021 1204 2098 exhibebit,
1224 2043 1347 2107 perse·

184 2126 326 2210 quondo
342 2143 492 2210 poenum
512 2126 709 2190 liberorum
725 2127 989 2191 devoratorum.
1025 2122 1137 2190 Ποινά
1152 2121 1349 2212 κονροβόρος

183 2238 231 2293 est
245 2224 349 2292 ποινά
363 2223 489 2312 κοόρων
502 2227 709 2316 βρωθέντων,
725 2239 757 2294 ut
772 2223 895 2314 εόάγων
909 2223 992 2312 τιμά
1003 2229 1081 2312 opud
1093 2229 1254 2294 Pindarum
1265 2230 1348 2293 liene.

185 2321 718 2416 1,·11εειτιμάάγῶνοςκα1αῦ,
739 2333 901 2417 similisque
921 2333 999 2416 opud
1019 2332 1220 2406 lintiniacum,
1242 2351 1286 2414 gr.
1307 2351 1350 2412 gr.

186 2439 205 2510 1
221 2434 284 2500 416
298 2445 352 2498 not
366 2433 396 2498 ³.
411 2454 436 2498 c
458 2427 593 2517 ,Ὅμοια
608 2445 766 2519 postquem
787 2436 817 2500 in
838 2429 922 2500 ότιοι
937 2447 1110 2519 corruptum
1126 2436 1194 2512 luit,
1214 2435 1303 2500 etism
1317 2425 1349 2498 δ’
1448 2479 1451 2486 -

186 2524 228 2603 αὖ
246 2558 264 2601 τι
283 2537 498 2602 correctoribus
517 2539 600 2602 metri
617 2557 704 2602 conse
720 2538 750 2601 in
767 2534 804 2602 δὲ
818 2531 878 2601 καί
890 2549 1035 2604 mutatum
1051 2549 1106 2604 est.

272 2641 304 2706 V.
329 2642 421 2706 11111.
465 2641 692 2724 Clytaemnestra
713 2650 836 2725 propter
851 2651 1005 2706 nrnctnlsm
1020 2641 1202 2727 lplripeuiem
1222 2641 1287 2707 iure
1301 2661 1352 2704 oc·

186 2745 279 2811 cisum
294 2745 544 2830 Agamemnonem
560 2744 669 2826 orguil:

387 2840 456 2914 άίίί
479 2839 557 2930 ἐμόν
578 2839 729 2912 ἐκτοῦδ’
750 2839 841 2931 ι”ρνος
863 2840 984 2932 ἀερθὲν

386 2947 447 3038 τόν
469 2945 697 3016 πολύκλαιτόν
716 2943 745 3015 τ’
762 2944 964 3038 Ἰφιγένειαν

386 3047 509 3134 άνάξια
531 3046 657 3138 δράσας
679 3043 759 3134 άξια
781 3048 919 3136 πάσχων

386 3153 491 3246 μιγδέν
513 3148 685 3222 ἐν’Ἀιδον
706 3151 954 3243 μεγαλαυχείτω

389 3253 600 3348 ξιφοδηλήτῳ

388 3357 528 3450 θανάτῳ
548 3354 646 3440 τίσας
666 3355 753 3450 άπερ
775 3350 877 3451 ἧρξεν.

186 3467 383 3532 Correreruut
397 3463 456 3553 τόν
470 3459 699 3552 modoaldi-tce
710 3457 909 3555 Ἰῳιγὲνειαν
920 3467 1085 3545 Perseum,
1100 3465 1160 3555 τξς
1171 3462 1357 3534 nole-etel-

186 3589 244 3654 της
256 3560 455 3656 Ἰφιγενείας
469 3569 666 3643 dermannus,
681 3581 838 3651 propterea
854 3570 974 3646 scilieet,
988 3572 1056 3653 quia
1071 3583 1254 3654 postrenum
1271 3574 1356 3635 lortius

186 3670 505 3756 nominisspllebnmin
520 3673 684 3734 rccusetiro
701 3671 825 3751 produci
839 3690 901 3735 non
916 3693 1007 3754 prosse
1022 3674 1201 3748 stutuebent3
1216 3693 1313 3756 neque
1328 3675 1355 3736 id

187 3775 301 3853 iniuria,
316 3793 493 3859 quemquem
509 3773 703 3849 illudentium,
716 3773 813 3836 virum
824 3775 1120 3855 praestantissimum,
1131 3775 1213 3839 aliter
1228 3777 1356 3840 indicere

187 3878 280 3942 rideo.
318 3879 376 3942 Sed
396 3877 507 3942 mederi
528 3876 596 3940 lruic
615 3875 821 3950 incommodo,
847 3876 993 3960 simulque
1012 3879 1176 3962 planiorem
1196 3878 1355 3943 uerborum

187 3981 439 4045 constructionem
458 3991 488 4044 et
507 3979 680 4043 sententiam
698 3979 853 4043 restituere
872 3979 968 4044 licebit
985 3999 1046 4046 uno
1068 4000 1156 4046 rcrsu
1174 3983 1357 4068 transposito

187 4089 217 4142 ot
230 4081 383 4166 participio
399 4075 538 4164 πάσχων
552 4081 582 4146 in
597 4082 720 4147 verbum
736 4083 851 4146 linitum
867 4093 995 4147 mutato:

388 4173 459 4247 e’td
481 4177 561 4266 ίμδν
581 4179 619 4250 ἐκ
639 4177 735 4251 τοῦδ’
756 4177 846 4271 ἔρνος
865 4177 996 4271 decede,

388 4281 449 4372 τόν
469 4281 699 4376 πολιαλαότην
717 4279 925 4376 Ἰφιγένειαν,
1062 4294 1065 4300 “

388 4379 492 4472 μηδὲν
512 4381 548 4452 ἐν
565 4379 687 4454 ’Ἅιδου
707 4383 959 4472 μεγαλατνχείτω.
