3092 4964
650 417 850 517 ,rot-

169 606 306 702 ψήφους
319 601 446 691 ἔθεντο,
471 607 489 676 i.
504 631 529 675 e
545 603 681 699 φθορὰς
702 599 923 696 ἐψηφίσαντο.
961 607 1004 672 lte
1017 605 1066 670 uie
1087 593 1235 692 άὸακρσν
1254 603 1333 687 μοῖ-

167 739 227 802 ραν
248 710 384 804 σχήσεις
404 709 508 806 φόνον
528 715 607 781 idem
622 735 689 780 esre
719 733 754 778 oo
779 705 884 792 άνέξει
906 707 952 799 μή
976 706 1164 796 δακρύσασα
1185 705 1243 774 τὸν
1264 703 1330 797 φό-
1354 724 1385 777 tr

105 851 107 856 ·
168 843 221 886 ιον
241 821 286 886 vel
307 818 382 900 πῶς
403 815 538 908 σχήσεις
557 820 678 904 μοῖραν
698 815 759 906 τήν
779 813 842 904 σήν
862 810 949 882 ὥστε
962 812 1008 902 μή
1025 811 1231 900 ὀακράοισαν
1245 803 1330 881 εἶναι

167 922 224 990 τὸν
245 918 356 1013 φόνον.
400 924 476 988 Nom
499 915 644 1007 άάακριν
663 922 785 1008 μοῖραν
803 932 921 1005 pinetam
937 920 1034 984 dioere
1049 931 1081 984 ut
1093 923 1232 984 ellectum
1246 941 1330 984 eum·

168 1032 323 1112 plectatur,
342 1049 433 1112 quum
453 1029 524 1094 ontis
544 1029 647 1094 luisset
660 1029 757 1092 dicere
773 1021 908 1115 σχήσεις
929 1020 1065 1110 θάνρια.
1103 1025 1258 1091 Simillime
1273 1027 1330 1089 So·

168 1135 303 1218 phuolem
319 1133 349 1196 in
363 1134 477 1198 Electra
493 1153 518 1197 r.
535 1135 594 1197 lli
614 1125 731 1217 γονέων
752 1125 906 1215 ἐκτίμους
920 1123 1061 1213 ἴσχουσα
1076 1125 1241 1214 πτέρυγας
1254 1121 1330 1207 ὀξε-

169 1233 274 1302 τάτιον
288 1230 383 1322 γόων.
430 1238 468 1302 Ut
481 1237 638 1320 Euripides
657 1230 761 1324 φόνον
774 1237 935 1320 scripserit,
951 1237 988 1300 ito
1004 1236 1184 1318 Sophoclem
1200 1235 1331 1317 petuisse

167 1343 256 1407 etiam
272 1336 385 1427 γονέας
405 1341 542 1406 εσιίθοτε.
557 1377 598 1388 -
614 1343 692 1406 11οοο
706 1343 767 1406 ille:
784 1361 859 1424 quoe
879 1361 934 1424 ege
951 1361 998 1404 me
1013 1359 1068 1404 nee
1082 1339 1154 1404 sotis
1170 1341 1269 1404 omnio
1284 1339 1330 1404 in·

168 1447 295 1528 telliqere
309 1455 339 1510 et
353 1466 428 1528 quae
443 1447 598 1526 intelligam
615 1466 672 1528 qun
687 1447 800 1510 ratione
816 1446 934 1528 prebori
950 1445 1070 1528 possint
1087 1461 1150 1507 non
1165 1445 1329 1528 perspicere

167 1553 269 1614 luteor.
298 1551 406 1631 Fiqurn
420 1550 466 1613 illo
480 1549 605 1624 dicendi,
621 1569 710 1632 quom
725 1549 880 1630 signitleot,
896 1569 930 1612 en
945 1559 999 1624 ert,
1020 1567 1111 1630 quum
1128 1548 1262 1630 loquutio
1276 1549 1328 1613 oli·

167 1673 224 1736 qua
235 1675 270 1718 ex
286 1653 374 1718 rerlro
390 1663 419 1717 et
431 1654 509 1717 rerlui
526 1653 641 1716 oleieeto
662 1655 827 1735 composite
848 1654 887 1716 ito
907 1663 1082 1736 usurpetur,
1101 1653 1186 1736 quoni
1208 1653 1248 1716 sit
1266 1656 1328 1735 iper

167 1758 255 1821 unius
271 1757 352 1821 uerbi
367 1757 510 1821 transitiri
526 1758 634 1832 tneor,
651 1757 777 1838 ideoque
791 1757 868 1819 eliud
883 1757 970 1820 etimn
987 1767 1101 1838 praeter
1120 1756 1190 1819 illud
1205 1756 1283 1838 quod
1299 1756 1328 1819 in

167 1861 230 1942 ipso
245 1859 418 1940 loquutione
432 1859 490 1923 lom
506 1860 584 1922 inest
598 1859 754 1935 obiectum,
769 1857 931 1941 etquidem
947 1859 1112 1922 aecusatiru
1127 1877 1208 1932 mou,
1224 1860 1328 1922 adiun-

167 1965 254 2044 gitur.
297 1963 345 2026 Fit
359 1971 456 2026 nutem
472 1964 531 2026 1ιοα
545 1962 664 2026 duobus
680 1963 790 2036 orodis,
811 1981 938 2043 quorum
958 1961 1112 2043 utriusque
1126 1961 1271 2025 rationem
1285 1972 1329 2025 ot·

167 2086 224 2148 que
250 2065 379 2128 indolem
400 2065 494 2146 probe
511 2075 695 2148 perspectam
710 2064 819 2128 hebere
833 2073 965 2147 oportet,
984 2075 1017 2126 ut
1041 2083 1129 2146 quem
1155 2064 1212 2126 late
1237 2073 1331 2145 poteot

167 2167 310 2250 quibusve
330 2165 438 2230 senibus
454 2165 566 2229 incluso
581 2166 620 2228 eit
638 2165 685 2228 illo
707 2167 798 2247 ligure
819 2185 1035 2247 cognoscemus
1056 2185 1151 2247 oeque
1169 2167 1226 2228 diei
1241 2187 1331 2250 poso⁸

168 2271 326 2353 opinemur
344 2287 418 2350 quae
437 2279 533 2333 reetoe
552 2268 659 2332 rationi
679 2269 882 2332 adversantur.
910 2269 948 2332 Et
963 2268 1092 2350 primumn
1104 2267 1223 2350 quidem
1239 2289 1330 2352 genus

167 2374 225 2436 lroo
239 2381 299 2447 est,
321 2389 412 2455 quum
427 2371 507 2434 verbi
522 2371 599 2446 eius,
614 2372 694 2454 quod
710 2381 757 2434 est
769 2371 800 2435 in
812 2371 858 2434 illo
873 2371 1057 2452 loquutione,
1073 2371 1259 2452 rignitieatio,
1274 2375 1332 2437 rire

167 2477 240 2540 leaeo
254 2475 403 2538 transitivo
422 2483 469 2538 est
483 2493 536 2537 eeu
551 2473 747 2547 intromittere,
766 2475 867 2537 addito
886 2474 983 2556 aliquo
1002 2475 1124 2538 numine
1150 2475 1331 2540 sulutentiro

166 2579 204 2642 ite
219 2579 304 2660 qumi
320 2585 508 2658 temperetur,
522 2585 555 2639 ut
570 2576 676 2639 existet
690 2595 767 2638 nore
782 2577 926 2657 quaedam
946 2578 1071 2641 aetionis
1091 2578 1260 2644 transitivae
1274 2599 1330 2643 uo·

167 2682 222 2757 tio,
237 2681 283 2745 eui
304 2680 450 2744 obieotum
469 2679 586 2760 aliquod
607 2679 771 2742 oeeuootiro
791 2699 862 2743 cusu
876 2679 994 2762 adiungi
1010 2681 1121 2762 posoit3
1142 2683 1218 2745 uelut
1237 2683 1269 2746 in
1283 2683 1330 2746 illo

165 2785 245 2867 quud
261 2785 447 2848 llermonnur
462 2783 614 2865 usurparit
625 2782 759 2864 deselqli
773 2783 907 2865 exemplo
922 2784 1043 2847 verbum
1056 2774 1225 2848 τίθεσθαι
1240 2805 1330 2868 ‹pmm

121 2937 123 2942 .
164 2888 311 2952 eletionem
326 2887 471 2968 significet
485 2887 626 2969 ponendi,
637 2887 709 2949 Ιιοοα
719 2885 892 2964 siqnilieotio
904 2887 1003 2950 addito
1017 2887 1201 2951 substantivo
1218 2885 1332 2974 ψήιρον

165 2991 203 3056 itu
223 3000 404 3074 temperetur
422 2999 452 3052 ot
471 3008 539 3052 eum
558 2987 733 3052 eulrstontivi
754 2987 877 3050 notione
896 2989 1047 3060 coalescit,
1075 2999 1107 3052 ut
1132 2991 1239 3054 existat
1257 3012 1330 3056 nero

167 3095 249 3158 trotio
273 3093 398 3158 aeuonn
425 3091 593 3156 trondtiroe
618 3081 852 3176 ψρφίζεσθαι,
883 3091 928 3154 eui
956 3093 1014 3154 loen
1043 3102 1122 3156 reete
1150 3096 1332 3158 ooeusotirus

163 3192 300 3284 φθοράς
314 3195 433 3278 adiungi
449 3202 557 3276 potest
586 3193 681 3256 Simili
693 3193 806 3256 ratione
820 3187 920 3277 χόοας
938 3187 1108 3280 θήσόμεθ
1123 3183 1146 3258 ll
1161 3191 1334 3279 πάσχομεν

165 3301 319 3384 Euripides
335 3300 407 3364 dixit
423 3299 519 3363 orest
536 3316 562 3362 r.
584 3297 678 3370 1119,
694 3296 762 3379 quio
776 3291 912 3361 θέσθαι
928 3299 1049 3362 verbum
1066 3319 1133 3363 com
1149 3301 1333 3366 substantivo

165 3398 263 3486 γόους
278 3403 416 3468 coalescit
434 3403 465 3466 in
481 3419 569 3466 unum
590 3399 743 3466 notionem
759 3399 839 3462 verbi
855 3396 1021 3482 χοᾶσθαιι
1036 3415 1066 3465 et
1079 3397 1229 3488 ἐξάρχειν
1243 3425 1332 3488 equum

164 3506 261 3569 sotum
277 3507 416 3570 exordiri
443 3504 596 3585 significet,
610 3503 709 3566 addito
725 3513 822 3566 eutem
843 3504 1029 3569 substontiro
1043 3503 1177 3592 μολπήν
1195 3511 1272 3572 octie
1292 3511 1329 3574 si·

164 3609 320 3686 pollicetur
331 3607 416 3672 euius
430 3605 584 3668 exordium
601 3607 828 3685 daturumque
843 3605 981 3669 eodeeeit
996 3607 1026 3671 in
1041 3609 1196 3672 notionem
1210 3613 1334 3675 actionis

165 3711 333 3776 transitivae
351 3707 560 3781 exordiendoe,
579 3714 613 3768 ut
632 3705 672 3769 eit
693 3707 891 3769 erorde‘eutem
911 3726 1031 3782 ισιιειι,
1051 3731 1139 3792 quom
1160 3713 1200 3774 ob
1214 3734 1332 3779 merrom

164 3815 322 3900 Aeschylus
337 3813 434 3878 dicere
449 3809 545 3893 potuit
557 3803 689 3894 μολπήν
704 3801 854 3891 ἐξάρχειν
878 3804 987 3888 θεούς,
1010 3813 1202 3896 similiterque
1215 3817 1332 3900 Euripi·

164 3921 217 3982 der
234 3919 330 3984 orest
346 3937 373 3981 τ.
389 3915 467 3980 949:
482 3906 689 3995 κατάρχομαι
711 3907 893 3995 στεναγμόν
915 3903 1007 3994 άταν,
1029 3926 1059 3979 et
1073 3919 1217 3984 Androm.
1235 3923 1331 3986 tunt:

164 4014 336 4086 δεσπόταν
357 4014 452 4104 χόοις
472 4010 649 4104 κατάρχειν
670 4017 699 4080 le.
715 4037 741 4080 e.
765 4008 933 4080 δεσπόταν
947 4012 1154 4105 κατάρχοντα
1168 4021 1331 4107 periodon

164 4127 259 4190 Porro
283 4125 408 4189 verbum
429 4116 590 4188 τεθνάναι
611 4121 750 4187 adiuncto
775 4121 958 4186 subeuntivo
984 4120 1032 4211 τῷ
1060 4120 1131 4190 ‹le'et
1153 4139 1334 4213 temperetur

164 4231 215 4306 itu,
227 4240 260 4294 ut
274 4229 380 4294 existet
393 4227 477 4292 notio
493 4226 616 4291 timendi
630 4244 724 4308 paene
738 4225 775 4288 od
789 4235 932 4300 mortem,
950 4229 1145 4310 quamobrem
1160 4233 1219 4298 diei
1233 4245 1333 4318 petest

36 4359 38 4364 ·
89 4375 91 4378 -
163 4326 327 4398 τεθνάναι
348 4327 397 4419 rq'i
419 4324 489 4396 tto
510 4323 588 4406 τούς
609 4320 802 4412 πολεμίους,
830 4330 996 4396 cuiusmodi
1025 4337 1158 4419 exempla
1186 4349 1259 4404 runt
1285 4361 1333 4424 ep.

71 4462 74 4470 ›
164 4433 316 4502 nemeen.
336 4433 411 4500 ruit.
426 4433 439 4497 l
453 4453 484 4516 p.
500 4433 552 4510 5³,
572 4435 620 4497 10.
636 4433 673 4496 de
687 4432 751 4497 lule.
766 4431 820 4514 leq.
836 4452 865 4516 p.
881 4434 958 4512 tut,
973 4435 1025 4502 25.
1041 4437 1160 4504 Selmel.
1175 4441 1254 4526 App.
1269 4443 1333 4510 erit.
