3078 4954
731 447 788 508 lta

177 633 445 716 ingeniosissimam
461 635 596 719 quidem,
613 635 665 700 seul
678 636 866 702 aurlacioreoa
882 648 980 702 terareu
996 659 1084 721 ιμιειιι
1101 659 1178 723 opus
1192 649 1253 702 erat
1270 656 1342 702 con·

179 738 318 803 lecturam
335 741 503 825 proposuit.
547 741 620 805 Nam
636 741 866 823 Agamemnonis
882 762 999 826 quoque
1014 743 1195 808 mentionem
1211 743 1274 808 lieri
1289 743 1341 806 ele·

178 845 277 924 luisse
293 845 647 922 caesorumcaesorum
663 865 745 910 suam
762 868 778 911 a
795 848 870 928 regis
891 867 979 911 nausa
994 847 1161 930 seiungunt
1175 867 1210 912 ne
1225 850 1339 911 tuturos

177 948 245 1013 illos
265 950 377 1015 ultores
397 968 457 1014 non
473 951 701 1032 Agamemnonis
721 952 772 1014 srrl
797 951 889 1035 ipsius
910 970 1023 1034 poenas
1045 951 1083 1014 alr
1102 951 1339 1040 interlectoribus
1403 975 1408 986 ¹
1525 929 1526 976 ³

176 1053 354 1136 repetituros
368 1073 434 1118 esse
449 1053 565 1116 diceret.
597 1054 687 1136 lgitur
702 1073 816 1119 sensnm
838 1055 962 1138 aliquem
978 1055 1015 1117 «le
1029 1055 1249 1136 Agamemnone
1261 1053 1337 1117 exei-

175 1157 256 1220 rlisse
276 1157 390 1234 statuit,
413 1176 563 1239 quamquo
585 1159 663 1240 apul
683 1159 858 1241 llespelriuor
879 1149 1037 1236 ύσνεύοις
1054 1177 1089 1220 er
1109 1159 1242 1240 Aesclqli
1262 1161 1338 1240 Aga-

176 1277 335 1323 memnone
355 1261 472 1336 citetur,
495 1259 573 1342 quorl
593 1260 768 1326 uocabulum
788 1261 818 1326 in
837 1261 1047 1344 superstitibus
1072 1261 1185 1325 luliulae
1208 1262 1338 1344 qrartilrus

176 1380 323 1444 nusquam
343 1361 465 1445 legitur,
488 1363 517 1426 iu
538 1363 568 1426 in
587 1363 641 1427 lrau
661 1364 724 1446 ipsa
744 1365 925 1428 Cassandrae
946 1365 1079 1429 oratione
1098 1363 1338 1427 eommoalissiare

176 1468 312 1549 usurpari
333 1467 466 1550 potuisse
487 1477 584 1541 ratus,
604 1467 699 1532 uerbis
719 1469 829 1550 aliquot
850 1469 1038 1552 transpositis
1062 1469 1237 1552 integroque
1255 1485 1339 1530 remu

176 1571 276 1635 addito
291 1569 336 1635 sie
349 1569 447 1636 laeum
463 1571 593 1635 retinxit:

683 1688 767 1782 ἡλιίμ
784 1692 816 1761 δ’
831 1691 1013 1779 ἐπεύχομαι

388 1793 473 1884 πρύς
488 1789 625 1862 ύστατον
639 1795 711 1886 φῶς
725 1796 924 1881 βασιλέως
938 1793 1120 1884 τιμαόροις

386 1892 478 1978 ἴσας
502 1892 618 1976 ύιίιας
637 1895 827 1987 φανέντας
845 1893 1030 1978 α’σκεύοις
1045 1895 1127 1983 Aproi·

388 1995 525 2084 ἐχθροῖς
539 2000 677 2089 φονεῦσι
692 2005 762 2080 τοῖς
775 1997 868 2084 ε’μοῐς
882 1995 985 2066 τίνειν
999 1997 1080 2084 ἐμοῦ

389 2097 509 2190 ύσύλιρς
523 2099 691 2192 θανούσης
705 2097 864 2190 εύμαρούς
878 2097 1095 2188 χειρώματος.

179 2233 243 2290 lala
261 2239 356 2292 antem
373 2228 418 2293 rix
434 2228 548 2294 ridetur
562 2232 721 2315 Aeschylus
738 2239 807 2314 prust
821 2229 1022 2313 possessiruto
1039 2223 1133 2310 ἐμοῖς
1149 2230 1247 2294 station
1264 2231 1340 2294 otiu·

175 2353 241 2395 sona
258 2333 337 2395 illum
354 2341 383 2396 et
399 2351 646 2414 supervacaneum
662 2335 822 2416 genitio-um
837 2327 918 2416 ἐμοῦ
938 2334 1090 2398 arlditurus
1106 2333 1212 2398 luisse:
1227 2334 1342 2406 deinde,

174 2455 265 2518 quma
280 2435 350 2499 aliae
365 2434 471 2498 multae
487 2455 666 2518 nonagenoque
682 2436 741 2500 siut
756 2438 844 2501 liuius
857 2438 968 2503 tabulae
981 2437 1111 2512 lacunae,
1125 2436 1340 2520 llespelrinnuru

174 2539 243 2601 illud
259 2529 415 2614 ύσκεύοις
433 2538 515 2601 tuelle
534 2539 630 2620 potuit
650 2538 679 2602 in
701 2540 755 2603 alia
776 2539 911 2623 quapiam
933 2551 1016 2622 parte
1033 2540 1106 2622 legi:
1121 2540 1249 2622 (lenique
1265 2543 1339 2622 Age·

175 2639 343 2704 memnonis
355 2640 414 2702 hue
428 2640 493 2702 loeo
510 2641 689 2704 mentionem
703 2643 896 2706 neeessariam
910 2643 1001 2707 luisse
1016 2661 1077 2705 non
1088 2643 1234 2706 existimo.
1266 2642 1338 2706 Naro

175 2743 211 2806 ele
225 2745 284 2808 hoe
299 2742 417 2826 quidem
433 2743 556 2825 eiusque
572 2743 681 2808 ultione
697 2746 861 2810 Cassandra
881 2745 937 2808 iam
955 2756 1022 2809 ante
1037 2756 1179 2828 quantum
1195 2746 1269 2810 satis
1285 2746 1338 2808 suit

174 2847 301 2922 ‹lixemtq
321 2863 401 2909 nune
419 2846 456 2908 rle
475 2855 569 2910 semet
588 2847 651 2930 ipsa
672 2849 797 2932 laqueos
817 2867 877 2912 non
897 2849 1085 2932 vituperantia
1105 2858 1163 2923 est,
1183 2848 1207 2911 si
1229 2849 1338 2912 ultores

174 2951 254 3025 illos,
274 2949 340 3013 lieet
360 2949 442 3030 ipsas
463 2949 580 3030 quidem
601 2951 691 3015 unius
711 2953 788 3033 regis
808 2971 890 3016 mors
911 2953 947 3016 arl
964 2953 1118 3016 rinrlietaro
1139 2963 1276 3016 sanatura
1291 2951 1338 3024 sit,

175 3064 271 3117 tamen
293 3053 390 3116 solum
412 3062 551 3134 tanlquam
573 3072 643 3117 suae
663 3055 760 3119 caedis
780 3055 909 3118 rimliees
930 3065 1084 3119 memorat.
1115 3055 1209 3118 lurnro
1229 3055 1340 3118 ridetur

175 3155 246 3220 arilei
268 3157 327 3219 hoe
347 3155 522 3238 Aesolrgleae
544 3155 598 3220 arti
627 3157 718 3240 magis
752 3166 999 3233 consentaneum,
1026 3157 1136 3242 quippe
1158 3176 1246 3239 quent
1269 3157 1339 3220 alias

174 3277 293 3341 quoque
306 3277 427 3339 serarpor
446 3259 482 3322 ele
497 3277 553 3321 rrna
573 3277 735 3342 quoquere
749 3260 908 3342 sreparatinr
926 3261 1168 3332 eiectantem,
1188 3278 1284 3341 neque
1298 3262 1339 3323 la·

174 3361 227 3424 cile
242 3359 380 3436 miseere,
400 3380 474 3442 quae
496 3362 630 3442 quamvis
651 3381 755 3445 reapse
770 3363 941 3437 coniuncta,
962 3363 1109 3427 ellieacius
1124 3371 1223 3426 tanuen
1238 3361 1340 3444 singu·

174 3464 253 3526 latim
272 3463 402 3546 proponi
422 3463 571 3546 intelligat.
615 3465 715 3548 ltaque
736 3465 819 3529 ononi
835 3466 1034 3531 additamento
1053 3465 1260 3530 abstinendum
1276 3485 1342 3528 esse

175 3573 261 3648 proto,
279 3565 451 3648 locumque,
472 3565 573 3647 paucis
588 3567 685 3631 verbis
698 3568 802 3634 leniter
822 3569 940 3634 mutatis
963 3587 1080 3652 unoque
1097 3585 1182 3632 remu
1202 3578 1340 3652 transpo-

175 3669 242 3744 sito,
258 3666 301 3731 sie
314 3667 516 3732 smibenrlum:

672 3786 765 3882 ύλιόι·
780 3787 812 3860 δ’
828 3789 1013 3878 ἐπεύχομαι

378 3891 465 3983 πρὸς
478 3887 619 3962 ύστατον
632 3894 714 3984 φῶς,
728 3894 807 3976 τούς
820 3892 920 3981 ἐμούς
932 3892 1128 3982 τιμαόροις,

378 3993 498 4084 δούλης
511 3994 689 4088 θανούσης,
705 3993 867 4085 εὐμαροῦς
880 3994 1085 4087 χειρώματος

377 4095 524 4184 ἐχθροῖς,
539 4099 676 4188 φονεῦσι
690 4103 761 4182 τοῖς
774 4097 869 4185 ἐμοῖς
882 4095 984 4166 τίνειν
998 4095 1045 4185 ύμ
1053 4097 1084 4166 cl.

175 4229 212 4292 Et
236 4216 303 4309 ύμύ
322 4243 378 4308 pro
404 4217 489 4309 ύμσύ
508 4227 695 4294 scribendum
716 4251 783 4296 esse
801 4230 858 4295 iam
879 4229 1025 4294 Stauleius
1044 4231 1128 4308 silit,
1154 4233 1233 4314 quorl
1255 4253 1340 4297 rota·

175 4329 291 4408 lulum,
310 4329 377 4394 lieet
394 4329 466 4394 alias
485 4332 563 4412 apud
583 4331 686 4415 epicos
706 4343 819 4399 uatum
838 4334 961 4408 loetum,
980 4332 1111 4400 alienum
1130 4345 1261 4401 morena
1281 4347 1340 4400 tra·

174 4432 308 4602 ςίοιοιῗιιο
322 4452 461 4499 ammone
472 4450 562 4499 nemo
576 4435 664 4512 (lieet,
678 4437 850 4520 praesertim
865 4437 1008 4522 Aeschyli,
1024 4439 1075 4524 qul
1086 4439 1173 4504 etiam
1185 4441 1240 4506 alia
1251 4460 1340 4525 quae·

1101 4547 1140 4608 10
