3106 4958
727 411 783 509 ts·-

168 599 267 665 animo
283 601 376 664 luerat
389 611 525 684 tacitaque
537 600 641 665 eninm
654 619 774 664 suarum
789 599 958 675 diltideutio,
974 612 1006 667 nt
1021 601 1087 684 lupa
1099 604 1221 670 salntem
1234 606 1334 690 quaeri

168 704 259 778 vellet,
274 723 398 785 prorsus
413 703 500 766 alitam
516 704 636 785 prodire
651 703 793 767 ridemus.
837 705 920 769 ll'nlla
935 707 993 769 iam
1008 709 1124 770 timoris
1139 711 1263 786 nuntio,
1277 711 1331 774 sed

168 826 284 870 summa
303 807 339 870 ad
360 807 557 870 dimicandum
578 806 727 880 alacritas,
747 817 885 890 tantaque
900 809 943 872 tis
963 829 999 872 ac
1013 812 1165 884 tortitudo,
1181 823 1214 877 ot
1228 815 1331 876 laostes

169 910 316 993 usquead
336 909 419 972 uritis
439 911 555 973 naucula
580 911 713 991 repellat,
738 911 924 993 videaturque
942 912 1020 975 hand
1040 913 1159 976 «tinum
1179 915 1330 979 uictoriam

168 1021 372 1094 reportaturus
388 1013 492 1084 luisse,
507 1012 563 1074 nisi
579 1011 679 1075 multis
694 1013 849 1092 prostratur
864 1014 1036 1077 aduersariis
1052 1015 1168 1078 tandem
1187 1018 1253 1099 ipse
1267 1019 1329 1081 cnl-

168 1122 287 1178 neratns
302 1115 440 1177 excedere
455 1114 567 1193 proelio
583 1124 745 1194 cogeretur.
779 1115 931 1178 coniicere
946 1115 1064 1197 quidem
1080 1137 1257 1198 possumus,
1271 1139 1329 1199 qna

168 1215 282 1279 ratione
297 1217 368 1280 ltacc
381 1225 459 1278 muta
475 1217 528 1278 riri
544 1216 666 1278 rtautatio
680 1219 780 1280 enecta
795 1216 848 1280 sit:
863 1236 971 1299 nempe
988 1218 1086 1301 pudor
1100 1219 1208 1300 prioris
1222 1221 1329 1302 despa-

168 1319 292 1382 rationis
307 1327 336 1380 et
349 1317 519 1398 magtaitndo
535 1317 713 1380 discriminis
725 1319 862 1382 stimulos
877 1321 976 1382 anisam
996 1321 1058 1383 eins
1074 1321 1262 1396 addiderant3
1277 1323 1330 1387 sed

168 1421 308 1484 vellemne
321 1429 420 1483 taurea
436 1419 464 1480 it
480 1419 566 1483 etiauu
581 1441 597 1482 a
612 1431 699 1501 praeta
714 1432 978 1485 carrtrmeruoratnru
994 1442 1073 1496 esse,
1088 1442 1180 1504 qnnut
1196 1443 1330 1506 pracser-

168 1522 220 1586 tim
236 1523 308 1604 epici
324 1522 461 1585 carminis
476 1521 551 1584 ratio
566 1521 717 1602 ipsiusque
732 1522 851 1584 llerueri
871 1525 1054 1586 constretndo
1070 1526 1219 1606 postulare
1234 1527 1330 1587 ridea-

169 1634 231 1700 tur,
247 1632 278 1687 ut
293 1624 324 1686 iu
338 1623 508 1687 huiusmodi
524 1623 625 1698 rebus,
640 1643 714 1704 cquae
729 1626 869 1704 grauioris
885 1626 1082 1690 adactionem
1099 1629 1240 1690 cluniacenti
1252 1637 1330 1696 sunl.

169 1745 230 1788 uon
245 1727 342 1790 solnm
354 1725 424 1808 qnid
440 1725 552 1804 egerint
566 1724 712 1798 laomiues,
727 1727 876 1789 sedetiam
892 1728 999 1808 qnilans
1014 1729 1109 1792 causis
1123 1749 1158 1792 ae
1168 1730 1330 1793 rationibus

168 1827 258 1890 animi
273 1846 377 1892 eornm
391 1827 427 1888 ad
442 1827 588 1906 agendam
604 1827 723 1907 impulsi
739 1827 808 1900 siut,
823 1825 940 1891 disertis
955 1830 1051 1892 rerlais
1067 1831 1220 1904 indicetur,
1235 1851 1331 1912 neque

169 1929 337 1992 auditorum
357 1927 542 1990 coniecturae
561 1926 794 1990 subandiendum
811 1929 999 2010 relinquatur.
1049 1931 1131 1994 llauc
1150 1933 1188 1994 on
1213 1953 1331 1996 canum

170 2031 257 2096 etiarn
274 2029 449 2105 Nitzsclrius,
465 2049 494 2111 p.
510 2029 583 2104 art,
609 2031 711 2092 deesse
737 2029 844 2110 aliquid
863 2031 893 2094 iu
920 2033 973 2096 trac
991 2046 1072 2115 parte
1098 2033 1220 2110 indicat,
1246 2035 1333 2116 idque

170 2143 315 2199 resectum
330 2133 488 2197 arbitratur
502 2132 538 2196 alr
554 2131 604 2207 iis,
619 2131 668 2215 qui
684 2131 713 2196 in
729 2134 934 2214 trorrqroneoda
950 2134 1035 2198 iliade
1055 2135 1130 2200 inter
1148 2137 1332 2218 superiorem

170 2237 368 2302 narrationem
380 2238 417 2300 de
427 2237 657 2317 Agarraemmuris
668 2237 873 2317 desperatione
883 2237 976 2318 deque
987 2239 1130 2320 legatione
1145 2241 1181 2303 ad
1194 2241 1331 2303 alclrillem

172 2341 348 2423 placaudnm
370 2339 459 2402 missa
479 2352 508 2402 ct
528 2339 604 2402 lianc
622 2341 659 2402 de
679 2339 806 2420 prostitui
827 2340 883 2402 diei
898 2341 1017 2422 proeliis
1037 2342 1212 2405 inseruerint
1225 2343 1332 2407 librum

172 2443 318 2507 decimum
335 2442 371 2504 de
383 2449 526 2506 nocturno
542 2441 588 2504 illa
599 2442 812 2523 exploratione:
828 2442 907 2524 quod
919 2461 1009 2524 (quum
1022 2453 1080 2507 narr
1092 2445 1150 2507 acri
1163 2446 1334 2526 ceteroquin
1376 2496 1378 2500 .

171 2545 292 2609 unitatis
313 2545 341 2606 in
362 2545 448 2607 lliade
462 2554 490 2606 et
517 2544 717 2606 continuitatis
736 2544 884 2608 defensori
903 2545 998 2608 risum
1017 2548 1069 2619 sit,
1092 2547 1179 2610 nobis
1199 2550 1333 2628 prolecto

172 2665 234 2710 nen
248 2646 331 2709 aliter
345 2646 434 2709 videri
449 2646 544 2708 debet.

258 2747 396 2828 Sequitur
407 2747 492 2828 longa
504 2747 696 2811 certaruiunru
708 2747 809 2822 series,
823 2746 918 2811 donec
930 2749 1046 2811 taudem
1062 2751 1186 2813 delailles
1197 2751 1333 2814 Patroclo

174 2859 205 2913 ut
219 2850 419 2914 laborantibus
433 2851 551 2912 Graecis
566 2871 653 2932 opeur
669 2853 741 2913 lerat
755 2851 902 2924 concedit,
923 2871 1017 2933 eoque
1031 2852 1130 2914 occiso
1150 2853 1214 2935 ipse
1229 2873 1333 2917 rursus

173 2973 254 3018 arma
274 2953 364 3035 capit,
390 2972 478 3035 qnam
505 2961 616 3033 piarum
637 2953 766 3034 lloquins
787 2963 859 3015 tom.
886 2952 1075 3034 trituret
1098 2973 1160 3018 non
1186 2955 1334 3020 immerito

173 3056 343 3139 primariam
364 3056 460 3120 lliadis
479 3066 509 3119 et
527 3055 610 3136 qnasi
634 3055 790 3118 medullam
812 3076 880 3119 esse
897 3055 977 3118 dicit.
1025 3055 1099 3119 llam
1119 3076 1192 3120 saue
1219 3077 1336 3120 snuuua

174 3178 273 3223 rerum
288 3159 434 3222 eiusmodi
449 3167 509 3234 est,
530 3177 587 3240 qna
608 3157 700 3221 careri
715 3157 746 3220 in
763 3157 854 3221 totins
869 3157 1007 3222 carminis
1026 3160 1242 3240 corapositione
1258 3159 1338 3244 nnlln

174 3262 266 3326 modo
281 3261 415 3347 potuisse
429 3269 583 3344 appareat3
601 3261 654 3324 sed
674 3260 742 3324 lanic
755 3279 890 3325 snruutae
905 3262 994 3325 multa
1011 3271 1108 3325 tamen
1123 3262 1259 3326 adiuncta
1274 3282 1340 3325 esse

176 3365 345 3440 latebimus,
371 3384 444 3448 qnae
463 3365 489 3428 si
508 3364 647 3428 abessent
660 3380 722 3427 non
737 3363 984 3439 desideraremus,
1009 3374 1060 3428 ant
1079 3364 1165 3427 etiam
1186 3365 1340 3430 uaalleruns

175 3467 288 3531 abesse.
331 3467 425 3530 'lanta
444 3467 522 3532 eniru
547 3466 578 3531 in
596 3465 676 3529 breti
695 3468 791 3550 spatio
811 3477 997 3531 concertatur
1017 3467 1173 3531 multitudo
1193 3487 1293 3530 rernm
1313 3478 1342 3531 et

175 3569 309 3644 varietas,
323 3589 411 3650 qnam
426 3580 519 3633 totam
534 3569 634 3632 animo
646 3569 800 3652 corrqdecti
812 3569 874 3632 sine
890 3589 991 3633 errore
1004 3580 1055 3633 aut
1069 3571 1244 3634 cortlnsioue
1253 3571 1341 3634 etiarn

178 3683 290 3737 attento
306 3669 422 3746 lectori,
441 3671 552 3735 ncdnna
576 3671 715 3748 audituri,
735 3673 937 3736 diltieilliruum
957 3672 1003 3737 sit.
1047 3672 1243 3755 Posteaquam
1263 3676 1341 3754 dpa-
1432 3657 1433 3662 ἵ

176 3795 319 3842 memnon
340 3774 456 3842 saucius
474 3773 588 3858 praelio
606 3773 745 3850 excessit,
765 3793 894 3855 uanaque
912 3774 998 3840 etioru
1018 3777 1174 3840 llioruedes
1193 3787 1223 3840 et
1244 3775 1341 3839 Ulixes

177 3893 300 3966 propter
315 3881 433 3946 unlnera
446 3879 550 3944 cedere
563 3877 657 3944 morti
672 3887 750 3954 snut,
764 3877 897 3952 deltilles,
913 3879 950 3942 dn
964 3879 1045 3942 naris
1059 3899 1132 3943 sane
1146 3877 1239 3962 puppi
1254 3899 1342 3962 spec-

178 3986 268 4050 tando
288 3983 439 4049 certarnini
457 3983 603 4061 intentus,
621 4001 712 4066 qnnru
726 3981 915 4046 melanceni
935 3980 1041 4059 uideat,
1061 3983 1131 4046 item
1146 3982 1297 4058 saucium,
1312 3983 1344 4047 in

177 4087 312 4151 Nestoris
327 4106 417 4152 curru
431 4090 468 4154 ad
483 4097 580 4154 metra
593 4097 755 4162 revectum,
770 4104 866 4166 necque
879 4083 950 4148 satis
965 4095 1045 4148 certo
1061 4086 1212 4150 lrourinem
1232 4106 1344 4168 agnos·

179 4199 234 4266 cat,
247 4188 416 4254 Patroclnrn
432 4191 474 4256 ire
487 4191 569 4256 iubet
582 4210 649 4274 quas
663 4190 711 4253 itte
725 4189 765 4252 sit
778 4187 966 4266 sciscitatum.
992 4188 1021 4251 ls
1031 4187 1167 4253 Nestoris
1181 4189 1344 4254 tentorium

181 4293 334 4376 ingressus
354 4293 480 4356 sonoro
498 4313 637 4357 sermone
656 4291 815 4366 detinetur,
838 4289 922 4354 eteius
941 4301 1054 4372 partem
1079 4290 1168 4374 longe
1187 4293 1345 4356 niaxiutmn

181 4397 278 4462 otiosa
291 4405 321 4461 et
334 4395 492 4461 immodica
510 4395 684 4479 loquacitate
699 4395 854 4458 mokstanr
872 4413 940 4458 esse
953 4395 1122 4460 ditrschins
1135 4415 1255 4479 quoqne
1273 4397 1347 4460 tate·

1105 4498 1142 4561 2&
