3106 4958
290 611 420 692 loeuigne
438 619 588 689 accepimns
608 603 741 688 partique
762 604 882 668 ditionis
902 600 1122 688 prmpositnm,
1148 600 1250 665 narmi
1270 612 1367 666 autem
1388 603 1458 667 olim

291 715 464 795 ruagistrum
480 721 566 792 atque
581 708 744 782 custodum,
760 727 837 783 mox,
852 727 942 790 qrrnm
960 710 985 770 is
1000 708 1037 770 ad
1052 705 1160 770 bellum
1176 705 1349 780 naitteretnr,
1364 707 1459 770 conri-

290 829 352 881 tem
368 815 507 878 additum.
537 815 773 877 Consentaneum
789 825 836 874 est
850 811 948 891 igitur,
964 819 997 874 ιιι
1011 811 1097 873 etiam
1113 809 1330 873 contubernalis
1342 810 1459 874 neritis

290 920 324 983 in
350 921 453 981 rastris
473 918 565 982 luisse
584 917 729 981 credatur.
772 913 861 996 dtqui
881 933 962 978 nunc
983 925 1163 976 tamennon
1184 912 1228 976 sic
1253 933 1318 975 esse
1337 913 1460 978 ridetur.

289 1023 366 1084 Nam
383 1023 505 1102 optione
519 1022 545 1084 ei
560 1022 625 1084 data
641 1021 678 1084 ab
693 1019 817 1092 nctritte,
838 1028 937 1080 utrum
953 1015 1032 1080 abiro
1047 1036 1148 1079 secum
1165 1015 1194 1078 in
1210 1017 1343 1098 patriam,
1358 1036 1396 1080 an
1410 1036 1459 1080 re·

291 1142 413 1186 rnancrc
426 1125 505 1206 aprud
519 1123 676 1187 exercitum
693 1121 788 1195 ruralit,
808 1138 900 1201 quum
915 1139 948 1182 se
962 1119 1162 1182 discessurum
1178 1119 1215 1182 ab
1231 1119 1351 1182 alunmo
1371 1121 1460 1183 diloc-

290 1226 411 1290 tissimo
432 1236 580 1306 negasset,
599 1227 705 1288 lectum
725 1223 751 1285 ei
771 1222 848 1305 aprud
864 1221 1002 1284 delrillem
1018 1221 1171 1284 Patroclus
1187 1231 1320 1284 sternere
1335 1223 1461 1300 iubetur,

290 1329 377 1410 qrrasi
392 1338 478 1391 antea
493 1328 558 1390 alibi
575 1327 682 1390 cubare
696 1325 799 1388 solitus
816 1323 910 1386 luerit.
954 1324 1031 1398 erid
1048 1321 1156 1403 igitur?
1199 1324 1372 1388 Deseruitne
1386 1345 1460 1390 con-

291 1431 461 1496 tubernium
476 1428 596 1502 alumni,
611 1428 690 1510 quod
703 1427 774 1490 iram
787 1426 851 1490 eius
865 1426 1056 1508 improbaret,
1071 1426 1216 1507 aliamque
1231 1427 1288 1490 sibi
1303 1430 1460 1492 stationem

291 1535 371 1616 repit
389 1536 465 1596 inter
479 1531 590 1594 erraticos
609 1529 850 1611 dgnrnmrmonis,
869 1529 1044 1611 quibuscum
1064 1547 1145 1592 nunc
1163 1531 1192 1592 in
1212 1530 1337 1592 consilio
1356 1529 1461 1594 adest?

286 1637 343 1712 ‚Sic
353 1639 487 1718 prolecto
498 1633 685 1696 statucndmn
702 1633 770 1706 erita
786 1633 839 1695 sod
852 1632 1026 1695 mirabimur
1042 1641 1138 1694 tarraen
1154 1632 1333 1695 reticentiam
1345 1644 1460 1714 poetae,

290 1738 322 1800 id
343 1738 430 1801 nobis
450 1735 638 1800 dirinandnm
660 1735 859 1815 relinquentis.
905 1734 978 1796 llam
1000 1753 1060 1797 non
1077 1744 1155 1796 certe
1175 1743 1235 1798 tant
1249 1735 1319 1798 loris
1334 1755 1382 1798 res
1398 1735 1461 1808 lnit,

290 1852 342 1905 aut
361 1853 422 1904 tam
442 1840 576 1922 ipseper
595 1859 629 1898 se
649 1839 685 1900 ad
708 1837 926 1916 intelligendum
946 1847 1060 1918 arpmta,
1079 1845 1112 1899 ιιι
1127 1857 1164 1900 ne
1179 1837 1328 1900 mentione
1343 1837 1460 1918 quidem

291 1944 380 2024 digna
396 1943 554 2014 videretura
574 1949 603 2002 et
622 1940 674 2002 alia
695 1941 782 2020 longe
800 1952 851 2002 ant
869 1938 975 2003 leriora
990 1949 1041 2002 ιιιιι
1054 1939 1210 2018 attentionis
1229 1958 1290 2002 non
1306 1949 1402 2002 lamen
1418 1940 1462 2002 sic
1503 1997 1505 2000 .

293 2047 392 2108 solent
406 2045 523 2108 silentio
539 2041 743 2124 praetermitti,
762 2043 813 2104 sod
829 2041 967 2104 discolius
983 2061 1044 2104 mm
1064 2061 1131 2104 raro
1146 2062 1181 2105 ac
1198 2041 1352 2104 verbosius
1373 2061 1461 2124 quam

295 2168 372 2231 opus
387 2157 449 2211 crat
462 2146 581 2228 exponi.
612 2144 733 2209 l'idotnr
746 2165 816 2224 erpo
828 2145 878 2226 «pri
890 2144 967 2208 barro
981 2143 1172 2227 rhapsodiam
1188 2144 1224 2207 de
1235 2145 1364 2220 Λιταῖς·
1377 2165 1461 2208 corn·

294 2251 394 2332 posuit
415 2249 571 2314 l‘lroenicis
599 2267 758 2330 personam
783 2249 889 2330 prurtim
910 2269 944 2310 m·
964 2248 1027 2331 ipsa
1053 2249 1152 2323 lliadc,
1179 2248 1256 2324 ΧιἸ,
1281 2249 1349 2312 tntt.
1377 2249 1462 2324 xt'tt

295 2356 367 2417 aot.
388 2353 463 2426 ΧΙΧ,
479 2354 514 2414 31
525 2355 550 2426 l,
567 2351 672 2433 partim
685 2351 801 2414 aliunde
820 2352 875 2413 sibi
890 2363 999 2426 ιιιιιιιιιι,
1014 2363 1047 2415 ιιι
1058 2353 1138 2414 senis
1150 2353 1313 2433 veterisque
1330 2354 1461 2434 magistri

294 2456 428 2528 dclrillis,
452 2474 532 2518 uurrc
550 2455 580 2517 iu
602 2455 659 2516 bac
677 2454 820 2535 logatione
840 2463 995 2537 propterca
1014 2455 1197 2530 adhibuisse,
1220 2456 1299 2538 quod
1319 2455 1383 2518 cnm
1404 2474 1460 2519 suo

293 2557 418 2620 consilio
439 2557 594 2638 praecipue
613 2567 711 2638 rrpuun
732 2556 853 2629 rideret,
875 2558 961 2638 idque
982 2576 1073 2620 rmum
1089 2567 1228 2640 spectans
1243 2557 1313 2621 illud
1328 2558 1461 2632 alterum,

293 2669 327 2722 ut
345 2659 409 2721 eius
429 2659 466 2721 ab
486 2659 605 2722 alumno
625 2658 747 2738 eritisque
766 2658 958 2720 contnbonrio
979 2660 1192 2723 discessionem
1213 2660 1381 2742 explicaret,
1407 2679 1461 2724 nc·

292 2761 425 2842 glexisse.
471 2761 522 2824 Est
541 2769 638 2823 aulem
661 2761 717 2822 boc
738 2759 836 2841 ipsum
856 2759 1016 2834 eiusmodi,
1036 2761 1116 2842 quod
1138 2760 1249 2825 facilius
1270 2761 1357 2824 lartius
1373 2761 1461 2825 unios

293 2864 386 2946 partis
408 2882 495 2945 ιιιιιιιι
516 2863 606 2926 totins
626 2861 764 2926 cmrninis
784 2872 890 2944 poetae
909 2861 1041 2925 accidere
1061 2863 1195 2945 potuisse
1210 2865 1328 2928 credas:
1348 2875 1377 2927 et
1391 2874 1462 2928 sunt

292 2967 378 3029 etiam
398 2965 452 3028 alia
471 2975 655 3046 annuamus,
674 2985 749 3047 «puae
769 2967 845 3028 lianc
860 2961 980 3028 Λιτῶν
1000 2966 1190 3048 rhapsodiam
1207 2979 1374 3051 suspectam
1391 2968 1461 3050 red-

294 3069 379 3142 dant,
399 3068 436 3130 do
461 3069 568 3148 quibus
587 3068 727 3150 ‹pnorriam
748 3069 819 3132 satis
839 3069 875 3132 ab
894 3067 960 3132 aliis
981 3069 1149 3150 expositum
1169 3081 1228 3148 est,
1256 3091 1352 3155 nerpne
1372 3091 1405 3137 ca
1425 3070 1461 3136 ad

294 3189 392 3234 meum
408 3170 594 3252 praepositum
610 3171 766 3252 pertinent,
781 3172 879 3235 dimne
893 3172 973 3234 nolo.

378 3275 420 3336 lte
442 3275 577 3356 proxime
602 3267 690 3349 libro,
715 3274 765 3355 qui
790 3275 912 3338 llolonin
939 3274 1123 3351 inscribitur,
1154 3285 1272 3341 consul
1296 3299 1377 3344 nunc
1403 3283 1462 3344 lere

294 3376 371 3440 inter
381 3377 459 3439 riros
474 3377 674 3448 doetissinms,
690 3394 750 3439 non
766 3379 963 3458 spernendam
978 3397 1046 3440 esse
1060 3386 1192 3442 veterum
1207 3380 1376 3447 criticorum
1392 3405 1462 3448 auc·

244 3489 278 3542 tn
296 3480 457 3552 torimtem,
477 3481 526 3560 qui
541 3497 608 3542 cunr
625 3480 661 3542 ab
678 3479 766 3542 iliade
786 3480 911 3544 alienum
927 3490 986 3544 eta
1002 3480 1146 3544 Pisistrati
1160 3481 1281 3547 domum
1297 3487 1399 3551 amicis
1415 3488 1462 3550 in-

295 3593 405 3645 sertum
426 3603 493 3644 osse
512 3582 704 3646 trmliderunt.
759 3582 796 3645 Et
815 3591 885 3646 sunt
906 3603 977 3647 sane
996 3583 1144 3648 reiiciendi
1168 3585 1255 3650 buius
1275 3587 1340 3653 libri
1358 3609 1462 3652 causac

295 3684 366 3749 satis
388 3705 506 3766 granos,
524 3707 583 3751 urta
603 3697 700 3752 tarum
721 3687 817 3768 praullo
837 3687 929 3750 lorior
943 3688 1030 3764 baec,
1045 3689 1139 3770 quod,
1158 3690 1208 3773 qni
1229 3691 1264 3756 ad
1284 3692 1462 3774 exploranda

295 3789 424 3854 hostium
444 3790 564 3856 corrsilia
586 3789 669 3854 arrissi
685 3802 780 3867 erant,
801 3791 899 3856 Ulixes
917 3801 947 3856 et
966 3792 1138 3870 Diorncdes,
1158 3815 1250 3877 quum
1276 3804 1463 3859 revertuntur

295 3892 331 3956 sd
344 3913 429 3966 snos,
445 3895 514 3961 uilril
530 3915 654 3978 perorsos
673 3895 710 3959 do
724 3897 925 3978 exploratione
944 3917 996 3961 sua
1011 3899 1190 3962 renuntiant
1234 3897 1310 3962 Nam
1331 3898 1404 3963 nibil
1423 3899 1462 3964 illi

295 3997 527 4077 exploraverant,
548 3998 626 4083 «pund
647 3999 807 4064 munatiari
822 4018 943 4063 neeesse
957 4012 1049 4075 essem
1069 4000 1156 4084 idque
1169 4020 1262 4084 quum
1277 4021 1312 4066 ex
1328 4003 1462 4070 universa

296 4099 461 4163 narratione
475 4101 546 4166 satis
562 4102 748 4166 manifestum
764 4103 829 4176 nst,
844 4103 931 4165 etiam
947 4102 1065 4167 disertis
1080 4103 1175 4168 rerbis
1189 4123 1206 4167 a
1221 4117 1308 4187 poeta
1328 4126 1461 4173 comme·

246 4255 247 4258 ,
295 4200 404 4264 morari
424 4219 485 4266 non
506 4223 582 4285 opus
601 4215 671 4269 erat.
721 4203 924 4281 Quamobrem
944 4205 1021 4270 banc
1039 4226 1094 4289 ogo
1114 4207 1296 4273 reticentiam
1317 4229 1379 4274 non
1398 4213 1461 4276 cul·

192 4329 194 4334 ’
295 4303 423 4385 pandam
436 4326 504 4369 csso
517 4305 651 4370 arbitror.

380 4406 413 4471 lu
431 4407 506 4472 libro
525 4409 681 4474 undecimo
700 4413 967 4493 elgammnuonom,
993 4414 1044 4497 qui
1063 4415 1160 4500 patdlo
1180 4426 1248 4480 ante
1267 4427 1328 4480 tane
1348 4415 1461 4482 abiecto
