3106 4958
159 686 365 770 tristophanis
377 695 469 751 aetate
483 687 591 751 lectum
605 705 672 749 esse
683 685 826 760 dicemus,
842 705 929 768 «luem
945 681 1065 766 τάξεις,
1081 677 1209 772 ἀρετᾶς,
1224 677 1325 750 darli-

161 809 232 868 σεις
254 781 393 874 ἀνδρῶν,
419 791 499 874 quod
519 791 591 854 haee
606 789 668 853 sola
687 790 791 853 eodem
811 789 878 854 loco
897 790 934 854 ab
953 811 990 854 eo
1006 790 1230 856 memorantur?
1264 791 1323 856 Sed

160 912 198 958 ne
225 895 283 958 hoe
303 895 421 976 quidem
442 914 498 978 nro
518 902 598 958 certo
617 892 757 956 aldemari
782 913 872 974 posse
891 894 1031 966 arbitror,
1056 895 1093 956 ab
1119 894 1167 957 illo
1187 895 1323 978 exemplo

161 997 311 1080 plumbeo,
323 998 401 1080 quod
414 997 573 1062 Pausanias
585 1004 740 1068 memorat,
751 996 827 1058 hatto
836 995 1053 1078 eplremeridem
1065 995 1205 1068 abluisse,
1216 1016 1323 1079 quem·

160 1101 326 1165 admodum
346 1101 479 1165 nonnulli
498 1121 532 1164 ex
552 1099 648 1163 uerbis
663 1099 726 1162 eius
746 1099 1010 1176 contererentur:
1031 1093 1218 1182 γέγραπται
1240 1091 1274 1164 d‘
1288 1095 1325 1165 ἐν

159 1197 251 1288 ne’uoi
271 1199 314 1268 rei
331 1194 446 1290 Ἔργα,
469 1203 580 1268 omissa
600 1205 750 1271 mentione
770 1204 921 1268 Iliorum.
965 1203 1037 1266 dam
1060 1203 1156 1285 potuit
1174 1223 1246 1267 saure
1267 1205 1323 1267 luo

159 1308 294 1373 breuiore
313 1308 510 1391 designatione
529 1308 571 1372 uti
586 1329 602 1372 a
618 1311 734 1392 potiore
752 1306 890 1370 conuiuis
911 1317 1008 1386 parte,
1026 1306 1110 1368 euius
1129 1306 1154 1368 si
1174 1307 1251 1369 nano
1265 1325 1321 1389 po·

163 1411 479 1488 stremam‚dediehus‚
489 1431 563 1492 quae
578 1423 693 1476 constat
707 1409 839 1474 rensibus
855 1409 981 1492 amplius
997 1410 1154 1490 sexaginta,
1169 1409 1273 1472 abesse
1287 1411 1323 1474 alr

160 1514 208 1578 illo
220 1515 354 1598 exemplo
366 1512 495 1584 uidisset,
510 1511 647 1577 disertam
660 1514 702 1577 rei
714 1513 895 1578 mentionem
911 1530 970 1578 nou
982 1514 1081 1577 minus
1096 1533 1163 1576 oum
1180 1515 1321 1578 lucturum

161 1620 252 1682 fuisso
267 1617 452 1691 crediderim,
467 1635 555 1699 eruam
570 1617 714 1701 prooemii
731 1617 761 1681 in
776 1617 823 1680 illo
839 1617 973 1699 eseurplo
993 1635 1054 1680 uon
1070 1617 1181 1700 scripti.
1212 1618 1321 1682 Saltem

159 1722 291 1786 dubitare
311 1721 423 1786 licebit:
443 1740 539 1804 neque
557 1719 665 1784 sortior
684 1739 731 1784 res
752 1721 799 1782 liet
815 1719 904 1783 altero
920 1732 1106 1800 argtrmeuto,
1125 1740 1217 1802 quruu
1229 1723 1321 1804 eulm-

85 1841 87 1846 '
160 1827 304 1890 meridern
331 1825 407 1889 illurn
431 1845 448 1888 a
468 1825 580 1888 Boeoto
608 1833 693 1906 poeta
718 1832 874 1905 propterea
900 1821 1119 1886 adiudicandum
1145 1845 1211 1886 esso
1231 1825 1321 1900 aiunt,

162 1929 241 2010 quod
258 1927 363 2008 Apollo
385 1927 413 1989 in
432 1947 465 1990 ea
486 1925 615 2007 septimo
633 1926 680 1987 die
695 1924 898 2004 Tlrargelionis
919 1935 1005 1988 notus
1025 1947 1092 1988 esse
1111 1927 1237 1991 dicotur:
1252 1947 1320 1992 narn

158 2029 305 2094 [loliorum
317 2028 392 2092 hano
403 2028 583 2110 opinionem,
597 2044 658 2088 non
674 2027 854 2088 Boeotorum
870 2026 971 2088 luisse.
999 2028 1086 2108 Atqui
1096 2029 1321 2109 'l’lrnrgelionem

160 2133 233 2197 luen
251 2131 416 2215 ephemeris
436 2149 497 2193 uon
512 2129 659 2201 nominat.
678 2128 730 2190 sed
751 2128 909 2209 septimum
929 2128 1007 2191 diem
1023 2129 1207 2211 simpliciter:
1227 2123 1323 2212 iddu-

159 2231 283 2320 μαγειῆ
305 2242 400 2296 autem
416 2230 593 2314 Apollinem,
609 2231 638 2294 h.
655 2253 681 2293 e.
696 2231 824 2313 serrtimo
839 2230 951 2293 mensis
966 2232 1139 2304 disertum,
1155 2253 1216 2297 non
1232 2235 1323 2296 modo

161 2337 247 2411 detti,
262 2337 314 2400 sed
330 2354 436 2399 omnes
451 2333 553 2396 Graeci
573 2333 681 2396 dixisse
696 2333 844 2400 ridentur.
863 2333 996 2415 quanuis
1015 2336 1053 2397 de
1068 2353 1170 2398 meuse
1183 2335 1323 2398 dissenti-

159 2448 239 2512 rent,
259 2439 337 2502 velut
357 2439 443 2501 lones
464 2435 702 2516 Tlrnrgelionem.
724 2436 826 2518 ltelrrlri
846 2436 980 2518 llysium,
1004 2437 1050 2499 alii
1074 2437 1146 2500 alios
1165 2439 1319 2502 nominan-

160 2544 278 2617 tes20).
297 2571 340 2588 -
360 2541 418 2604 Sed
438 2539 578 2622 quoniam
599 2539 746 2601 meusium
763 2539 866 2602 iniecta
883 2539 991 2603 mentio
1014 2549 1073 2612 est,
1094 2551 1208 2621 tangam
1223 2543 1322 2604 statim

159 2645 280 2708 alterum
300 2643 399 2706 locum
419 2662 436 2706 a
459 2641 673 2705 recentioribus
692 2641 799 2704 criticis
820 2661 911 2723 quum
931 2642 1016 2706 oliam
1042 2644 1082 2706 olr
1102 2661 1234 2718 causam,
1258 2655 1321 2707 tum

159 2755 283 2830 propter
296 2745 409 2810 mensis
425 2762 535 2808 nomen
550 2761 612 2808 nou
628 2744 800 2808 Boeoticum
820 2745 871 2807 sed
887 2745 1029 2818 lonicum,
1045 2746 1276 2822 duodennem,
1291 2748 1321 2810 in

161 2850 360 2932 suspicionem
376 2858 520 2912 roratum.
550 2849 667 2929 Legitrrr
685 2849 746 2910 hoo
764 2865 873 2910 nomen
893 2849 1005 2910 mensis
1025 2849 1138 2911 lrilromi
1154 2850 1183 2912 in
1199 2851 1321 2914 rerlrosa

159 2952 334 3015 brumalium
353 2952 496 3032 frigorum
516 2949 727 3031 descriptione,
746 2967 833 3030 quom
854 2950 937 3013 multi
953 2952 1139 3014 veliementer
1153 2952 1322 3033 improbant

159 3064 218 3118 eta
234 3055 335 3136 reliqui
354 3053 493 3117 carminis
512 3061 615 3115 tenore
635 3051 758 3114 nimium
776 3060 917 3133 quantum
938 3052 1096 3116 abhorrere
1110 3053 1255 3122 iudicant.
1273 3054 1322 3117 alii

160 3166 262 3220 conus
288 3154 518 3220 autdeiendunt
539 3153 695 3217 autetiam
722 3152 848 3216 laudant.
883 3155 979 3236 Atque
1002 3155 1032 3217 lri
1051 3155 1167 3236 quidem
1189 3155 1266 3218 illam
1286 3157 1323 3218 de

158 3259 314 3323 Lenaeone
329 3258 525 3322 offensionem
539 3267 590 3320 aut
604 3255 649 3320 sio
663 3265 825 3329 removent,
840 3266 947 3321 utnon
963 3258 1070 3322 mirum
1087 3277 1153 3320 esse
1169 3257 1275 3331 dicant,
1289 3259 1325 3331 si,

158 3363 208 3444 qrri
219 3362 341 3426 dialeeto
356 3370 454 3425 utatur
467 3360 578 3432 lonico.
592 3359 668 3422 idem
685 3359 771 3422 otiam
787 3360 900 3422 mensis
914 3379 1025 3423 nomeu
1040 3359 1172 3424 lonicum
1187 3370 1322 3442 usurpet,
1342 3372 1396 3432 ts.

157 3475 208 3528 aut
229 3474 262 3527 ut
283 3463 497 3544 antiquissimis
514 3462 698 3544 temporibus
718 3462 771 3525 alia
791 3481 879 3544 quam
905 3471 1007 3544 postea
1026 3462 1173 3526 mensium
1199 3463 1322 3526 nomina

158 3566 235 3647 apud
251 3565 381 3629 Boeotos
395 3565 425 3628 iu
446 3583 502 3628 usu
523 3563 614 3628 luisse
632 3573 763 3639 sumant,
777 3573 828 3628 aut
846 3564 972 3646 deniquo
991 3574 1026 3629 ut
1039 3563 1201 3628 llesiodum
1220 3565 1324 3629 luniso
1352 3555 1354 3558 ’

158 3667 280 3731 nomine
304 3675 459 3749 propterea
475 3667 517 3730 uti
532 3667 673 3731 maluisse
686 3676 824 3742 statuant,
844 3668 926 3749 quod
941 3667 1035 3747 magis
1049 3668 1108 3730 lroo
1121 3686 1210 3749 quom
1225 3668 1323 3732 Boeo·

157 3770 248 3835 tirum
263 3767 342 3852 opud
356 3775 471 3832 eeteros
485 3769 612 3832 Graecos
627 3779 730 3832 notum
745 3789 814 3832 esse
829 3769 1010 3847 videretvr.
1053 3769 1116 3850 ligo
1131 3789 1201 3834 sero
1212 3770 1321 3834 nullam

198 3993 202 4000 Ι
229 4032 270 4096 tt)
289 4029 428 4097 Goettlinss.
440 4031 458 4084 l.
471 4032 489 4084 l.
501 4037 529 4084 et
540 4048 564 4100 p.
576 4027 652 4084 tvu.
676 4028 713 4081 Gi.
727 4029 820 4099 lleysr.
833 4045 856 4098 p.
868 4027 894 4081 d.

226 4133 270 4200 2⁰)
289 4134 326 4187 lle
339 4135 414 4203 dysin
428 4134 477 4186 rid
490 4130 617 4188 stouras.
630 4141 728 4203 quest.
742 4151 780 4200 gr.
793 4151 816 4186 e.
828 4132 858 4197 93
871 4133 1025 4201 menander-s
1036 4134 1059 4186 is
1070 4133 1166 4186 nensis
1178 4134 1324 4204 Elaphebo-

158 4220 229 4286 doni,
242 4237 291 4274 nen
303 4219 467 4286 'l'lrernelloni
479 4221 589 4272 uldetur.
613 4217 651 4272 ct.
669 4219 803 4272 llomsnn.
822 4219 917 4285 grisei.
935 4217 1062 4273 llenstsl.
1073 4237 1097 4290 p.
1109 4220 1153 4286 dd,
1163 4228 1192 4273 et
1202 4221 1234 4274 ds
1245 4221 1326 4291 Apel-

120 4320 121 4324 ’
158 4307 209 4360 line
221 4304 409 4377 lddopoeyrvei
417 4320 458 4374 qs.
467 4305 511 4358 eit
521 4305 555 4358 tt.
564 4305 699 4375 seuque
709 4305 801 4372 seer&
818 4304 850 4356 ll
863 4312 915 4357 aet.
923 4305 950 4356 5.
960 4312 988 4358 et
1000 4305 1139 4360 Blendeld.
1150 4307 1191 4360 ed.
1200 4305 1326 4377 serunt·

158 4391 230 4461 siut
242 4397 292 4444 etr.
302 4389 381 4458 l'bslr.
392 4391 473 4456 gloss.
484 4405 510 4444 u.
523 4389 582 4444 sut.

227 4493 271 4560 ιι)
288 4493 346 4550 vu.
357 4492 469 4564 ussup.
480 4502 611 4548 mut
623 4510 647 4565 μ
661 4459 727 4548 ιιι.
741 4493 872 4547 vertute.
883 4511 908 4566 ρ.
919 4494 963 4549 oo.

48 4594 109 4608 -n
