3092 4964
785 367 845 430 ltu

236 556 403 645 μεθέπεις
417 548 439 644 ἢ
453 551 510 620 καὶ
525 548 697 638 πατρώϊός
711 545 783 618 ἐσσι
801 549 914 630 ξεῖνος.
952 552 1004 615 llis
1019 552 1161 633 eseruplis
1175 553 1285 614 eomedit
1301 571 1400 632 gratu:

236 663 409 725 maticorum
424 659 597 730 auctoritas,
618 657 695 720 reluat
714 657 821 738 odyss.
845 657 895 728 lv,
916 654 979 716 tta
1000 654 1048 716 uli
1070 655 1155 733 vulgo
1172 653 1325 716 scribitur:
1341 644 1400 714 ocia

237 751 304 827 old’
331 755 366 826 εἴ
387 752 440 838 τίς
463 782 523 842 μιν
544 754 626 836 θεὸς
652 747 773 844 ὤρορεν
799 747 837 841 p‘e'
868 749 925 818 καὶ
956 746 1056 818 αὐτοῦ
1084 749 1197 836 θυμός
1222 749 1398 841 icpoppp'bp

237 856 311 944 ἴμεν
333 857 368 940 ἐς
388 857 512 942 Πύλον,
535 862 737 928 Aristarchum
762 851 784 944 ἤ
805 880 859 936 τις
879 857 1037 939 scripsisse
1063 857 1174 922 sobolis
1204 859 1270 920 eod.
1300 856 1401 920 limbr.

237 967 296 1031 rat.
312 967 390 1031 llari.
405 968 522 1041 docem,
537 967 696 1046 eatlermpue
711 952 732 1050 ἢ
747 982 803 1045 pro
819 953 849 1024 ci
865 960 996 1042 positum
1017 959 1047 1022 in
1071 959 1241 1022 buiusmodi
1267 958 1403 1021 enuntia·

237 1069 274 1133 tis
301 1069 472 1132 indirectam
499 1068 758 1147 interrogationem
780 1074 831 1128 aut
854 1063 1069 1134 dubitationem
1092 1062 1269 1126 habentibus
1295 1061 1404 1123 diserte

238 1181 406 1253 agnoscunt
419 1171 455 1236 ad
471 1171 498 1246 Ι,
518 1173 587 1234 175.
603 1171 654 1246 ΙΙΙ,
671 1171 721 1232 tc.
743 1169 811 1232 rte.
856 1167 957 1248 Neque
976 1165 1121 1230 rationem
1136 1165 1254 1228 obstare
1268 1164 1404 1235 arbitror,

239 1275 383 1357 siquidem
398 1265 421 1360 ἤ
435 1273 578 1356 primitiva
594 1271 806 1354 significatione
817 1289 878 1334 nou
896 1262 1128 1346 διαζενκννκὸν
1142 1277 1188 1330 est
1206 1269 1257 1332 sed
1281 1260 1405 1353 detorp-

238 1371 394 1459 μανικόν,
417 1386 446 1440 ct
464 1385 575 1440 mutato
596 1385 709 1439 bunum
728 1383 851 1439 accentu
871 1394 905 1436 ex
927 1362 945 1458 'l
964 1382 1078 1448 ortum,
1101 1371 1131 1434 id
1151 1373 1232 1454 qrrod
1248 1373 1312 1453 ipse
1329 1371 1403 1434 ller-
1487 1423 1489 1428 ,

240 1500 368 1544 manuus
383 1479 517 1562 agnoseit
531 1479 603 1542 diss.
620 1478 656 1542 de
671 1477 764 1560 ellipsi
780 1489 809 1541 et
824 1478 987 1561 plemrasm.
1004 1476 1116 1559 Opusc.
1138 1477 1146 1537 l
1168 1496 1198 1557 p.
1213 1475 1286 1538 209.
1318 1475 1405 1550 Quod

241 1586 392 1660 sideest,
407 1585 494 1648 etiam
511 1585 540 1647 in
556 1583 655 1666 prium
670 1581 842 1646 bimembris
855 1580 1067 1645 enuntiationis
1081 1579 1214 1642 membro
1231 1598 1291 1642 non
1307 1579 1406 1642 minus

242 1699 318 1753 recte
333 1708 422 1771 quarn
438 1689 467 1751 in
483 1687 647 1770 prosteriora
664 1697 806 1768 protectur,
826 1705 861 1749 ao
876 1706 912 1748 ne
928 1707 944 1747 a
960 1684 1087 1767 simplici
1108 1683 1226 1766 quidem
1242 1683 1406 1762 interroga-

243 1795 322 1856 tione
342 1792 481 1856 indirecta
500 1792 659 1856 arcemlum
678 1791 747 1866 erit,
768 1789 1017 1871 rpremadnrodum
1038 1788 1143 1869 Odyss.
1167 1787 1243 1861 xit,
1263 1786 1321 1848 138
1338 1775 1407 1846 ἀλλ’

244 1885 302 1980 diya
324 1915 383 1976 μοι
405 1888 486 1958 τόδε
508 1885 583 1958 eirca*
605 1888 663 1956 καὶ
685 1885 846 1976 ἀτρεκέως
868 1885 1054 1969 κατάλεξον,
1078 1881 1098 1976 ἢ
1119 1885 1176 1953 καὶ
1192 1885 1332 1974 Λαέρτῃ
1349 1879 1408 1950 αὖ·

242 1995 301 2084 τῆν
316 1991 394 2062 ὁδὸν
406 1988 545 2082 dryctog
566 1989 674 2074 illitum
694 1995 743 2059 ubi
760 2005 856 2059 tatrmn
873 1995 942 2057 olim
959 2005 988 2056 et
1002 1987 1032 2058 ti
1051 2005 1080 2056 ct
1095 1982 1115 2079 ἦ
1131 2013 1250 2076 (putoque
1264 1993 1406 2074 scriptum
1453 1979 1455 1984 ⁵

245 2101 336 2164 luisse
356 2100 449 2163 acbcl.
471 2100 549 2163 llarl.
571 2099 747 2163 ostendunt:
766 2108 795 2160 et
814 2099 892 2162 lliad.
913 2098 984 2173 rut,
1008 2099 1074 2159 lll.
1096 2088 1186 2182 ὄφρα
1208 2092 1265 2160 καὶ
1279 2090 1409 2179 Ἕκτωρ

245 2191 418 2288 clanaei*
439 2197 498 2266 καὶ
519 2195 600 2283 ἐμὸν
615 2195 695 2285 δόρυ
709 2195 863 2283 μαίνεται
883 2195 917 2264 ἐν
932 2195 1135 2288 παλάμῃσιν,
1159 2200 1408 2282 ‹prernadmodum

246 2324 301 2388 pro
322 2305 399 2386 vulg.
422 2297 453 2368 ei
475 2299 533 2367 καὶ
547 2304 729 2367 scholiorum
744 2304 916 2367 atteteritute
932 2303 1106 2384 Spitanerus
1122 2303 1250 2384 scripsit.
1278 2301 1409 2384 Tingicis

246 2427 315 2472 roro
331 2405 437 2488 poetis,
453 2417 486 2468 ut
500 2405 530 2468 in
545 2405 608 2468 aliis
624 2405 714 2469 rebus
730 2405 840 2481 uiuitis,
851 2406 890 2469 ita
906 2406 936 2468 in
952 2407 1009 2468 boc
1023 2425 1142 2488 quoque
1153 2397 1174 2491 t}
1182 2405 1339 2488 particulae
1353 2423 1409 2468 um

246 2508 469 2590 interrogativo,
489 2508 594 2571 licebat
612 2509 689 2570 baud
709 2506 797 2570 dubie
816 2527 833 2570 a
853 2507 959 2588 vulgmi
980 2528 1052 2571 suae
1073 2509 1176 2572 aetatis
1196 2507 1410 2570 consuetudine

245 2611 382 2675 recedere
400 2621 430 2675 et
448 2610 485 2674 ad
504 2611 657 2694 epicorum
678 2612 844 2692 exonrplnm
867 2611 1030 2674 orationem
1058 2612 1257 2675 conformare:
1283 2609 1410 2673 librariis

245 2723 344 2778 autem
369 2713 494 2797 pronior
514 2717 646 2797 prolecto
665 2713 767 2794 lapsus
783 2712 820 2776 ab
841 2702 861 2799 ¹’p'
884 2714 919 2776 ad
943 2705 1075 2796 siquam
1090 2723 1192 2778 contra
1207 2713 1269 2777 luit
1299 2714 1411 2789 Quam·

246 2816 351 2880 obrem
367 2816 454 2878 etiam
475 2814 504 2878 in
522 2817 580 2879 lmc
594 2816 711 2878 Medeae
730 2833 818 2879 rersu
837 2825 866 2878 et
880 2816 1047 2900 ubicunque
1068 2817 1098 2881 in
1118 2817 1263 2881 similibus
1285 2816 1411 2897 tragico·

247 2937 314 2983 mm
333 2917 407 2982 locis
429 2908 451 3004 ἤ
468 2937 524 3000 pro
539 2911 572 2982 εὶ
592 2918 656 2982 libri
671 2927 721 2983 aut
743 2938 848 2982 omnes
867 2929 918 2984 aut
933 2921 1069 2984 meliores
1085 2923 1227 2994 ollarum,
1251 2919 1413 2983 mutatione

248 3020 453 3085 abstinendum
469 3020 534 3084 erit.

336 3123 407 3187 Vera
423 3123 500 3187 tet:
516 3114 566 3205 ἄρ)
589 3116 634 3200 ὡς
655 3117 744 3211 φίλῳ
767 3121 828 3209 γὰρ
852 3116 923 3190 tm
945 3145 1001 3190 σοι
1024 3119 1240 3208 κοινάσομαι,

515 3223 661 3292 δοκοῦσα
682 3223 742 3308 μὲν
762 3221 798 3292 τί
819 3223 904 3311 πρός
925 3249 961 3312 γε
983 3227 1044 3295 σοῦ
1067 3223 1207 3316 πράξειν
1229 3225 1350 3307 animer

516 3321 608 3413 ὅμως
629 3323 672 3410 δ’,
695 3325 879 3419 ἐρωτηθεὶς
900 3328 962 3416 γὰρ
983 3326 1122 3414 αἰσχίων
1143 3333 1251 3419 φανεῖ.

337 3436 376 3500 lta
385 3433 905 3502 Ebusleiusscribendumintr-llosito
917 3439 1053 3503 codicum
1070 3441 1126 3503 imo
1143 3438 1276 3503 oninium
1291 3438 1415 3503 lectione

250 3531 311 3621 μέν
330 3560 374 3618 ar,
397 3558 485 3623 quam
501 3539 689 3604 srboliastam
706 3561 823 3626 quoque
838 3542 868 3606 in
883 3544 1017 3626 externplo
1033 3564 1088 3608 sao
1101 3544 1241 3609 habuisse
1256 3546 1341 3609 rerba
1352 3545 1415 3609 eius

174 3697 179 3704 .
252 3645 425 3718 ostendunt,
448 3665 540 3727 rpuum
561 3645 651 3709 altera
669 3639 715 3732 μή
737 3667 784 3725 τι,
800 3667 887 3729 quum
903 3649 1027 3731 limga,
1044 3649 1143 3724 Pers,
1163 3649 1276 3725 tractre,
1291 3651 1415 3732 l‘llugk..

252 3759 433 3830 recepemnt,
449 3749 610 3814 admodum
626 3748 745 3832 exiguae
765 3749 804 3814 sit
818 3751 1009 3816 auctoritatis.
1040 3757 1227 3836 Quamquam
1242 3753 1323 3836 quod
1339 3752 1415 3816 bam

252 3852 403 3917 Elmslcius
418 3872 455 3917 ne
469 3872 603 3936 graecam
612 3853 730 3936 cpddem
746 3873 812 3918 esse
823 3856 989 3930 contendit,
1007 3857 1088 3920 belle
1099 3868 1160 3922 erat
1171 3858 1207 3922 ad
1219 3857 1415 3926 refutandum.

253 3957 468 4041 refutatumque
487 3958 588 4022 catab
608 3956 789 4022 llermauuo.
819 3960 878 4022 Sed
897 3959 1027 4023 Elmsleii
1047 3960 1203 4025 lectionem
1230 3960 1417 4025 commendat

254 4059 382 4140 primum
397 4053 488 4144 ὅμως
509 4057 549 4128 ‹tt
561 4081 648 4126 versu
663 4062 817 4146 prosince,
838 4061 948 4144 quippe
967 4064 1047 4144 quod
1068 4065 1270 4129 concessivam
1285 4066 1415 4147 particu-
1453 4095 1455 4100 ·

253 4160 309 4224 lam
324 4157 382 4243 μέν
402 4163 539 4246 inprimi
554 4167 688 4231 membro
703 4166 834 4248 llagitare
848 4165 1069 4248 quodammodo
1083 4167 1229 4232 rideatur:
1245 4166 1350 4230 deinde
1364 4167 1417 4231 ali·

254 4272 363 4346 quanto
378 4266 483 4330 tortior
497 4278 527 4332 et
541 4268 662 4334 uiridior
675 4267 774 4334 existit
788 4269 883 4333 oratio
899 4271 1032 4350 ligurata,
1048 4290 1139 4353 quum
1155 4270 1345 4352 interrogatio
1362 4288 1417 4352 pro

254 4365 409 4449 negatione
430 4370 563 4452 positura
582 4373 715 4458 excnrpla
732 4383 830 4439 autem
857 4369 944 4436 buius
970 4391 1059 4451 usus,
1085 4373 1111 4436 si
1131 4393 1207 4455 «puae
1226 4373 1263 4437 ab
1278 4357 1437 4437 Elmclcio
