3106 4958
752 400 794 467 78

199 595 286 676 ipdrti
306 591 414 674 siguis,
440 589 571 653 llercidis
594 589 698 662 attero,
723 589 813 652 altero
835 589 1003 652 Artemonis
1025 608 1041 652 a
1063 591 1215 656 Welclioro
1238 593 1353 672 dicitur,

198 697 280 760 buius
293 692 456 777 argumenti
469 692 529 756 sim
545 710 602 756 nos
617 691 695 755 nulio
710 691 800 755 modo
816 692 983 775 perspicere
997 711 1087 775 pocae
1103 695 1236 760 ianmun
1278 698 1353 764 Nam

197 811 228 862 ut
240 797 435 862 concedamus
450 797 603 861 Herculem
619 795 655 858 ab
669 795 778 858 artidce
797 805 827 859 et
842 797 1031 858 Artemonem
1053 805 1191 879 tanquam
1207 804 1353 868 contraria

195 903 269 965 inter
292 919 324 964 se
346 911 376 963 et
400 901 508 964 divorsi
531 898 646 980 generis
668 897 799 980 exempla
822 899 1056 979 sculptorum,
1083 905 1274 984 (quamquam
1296 905 1354 968 boc

195 1003 300 1068 Plinius
315 1013 394 1066 certe
408 1021 470 1066 non
484 1002 553 1066 dicit
568 1001 602 1064 ΙΙ.
614 1002 650 1065 Ν.
662 1000 788 1074 xxxin,
806 1001 855 1076 tn,
867 1001 911 1078 2),
926 1001 977 1082 qui
992 1002 1090 1066 minus
1104 1013 1172 1086 apte
1184 1005 1354 1071 luxuriosus

194 1109 282 1172 iromo
297 1117 326 1170 et
340 1105 537 1179 effeminatus,
553 1125 639 1188 quam
655 1103 820 1186 impudicus
835 1111 865 1166 et
881 1103 1034 1180 cinaedus,
1054 1114 1088 1170 ut
1102 1107 1255 1172 Wcickero
1271 1109 1350 1173 ride·

193 1223 248 1285 tur,
264 1210 326 1273 viro
342 1209 410 1272 torti
424 1217 454 1273 et
467 1219 588 1272 strenuo
605 1207 717 1290 opponi
732 1205 849 1290 potuit?
864 1241 906 1254 -
921 1207 1098 1292 obloquitur
1111 1229 1203 1293 porro
1220 1212 1352 1278 wdeto-

194 1333 242 1378 rus
257 1312 309 1388 iis,
329 1311 379 1394 qui
394 1317 583 1376 Artemonem
599 1311 840 1376 Anacreonticum
856 1311 969 1375 servitis
990 1313 1169 1378 conditionis
1187 1313 1278 1378 inisse
1291 1328 1353 1380 sta·

194 1425 325 1491 taerunt,
343 1415 559 1495 concutiturque
574 1413 684 1486 Petito,
703 1412 858 1476 bliscedan.
878 1413 925 1476 lib.
942 1413 1074 1496 Vtt'cap.
1092 1415 1122 1490 7,
1143 1415 1173 1479 in
1191 1416 1352 1482 libertatem

192 1539 257 1583 eum
269 1517 423 1593 asserenti,
438 1515 567 1598 primum
579 1525 732 1599 propterea
744 1515 823 1598 qnod
836 1535 921 1580 seruo
933 1535 995 1579 non
1007 1527 1085 1580 recte
1100 1510 1260 1604 κίβδηλος
1269 1513 1351 1604 βίος,

192 1624 220 1687 b.
235 1643 260 1684 e.
275 1631 309 1684 ut
323 1621 388 1703 ipse
402 1619 624 1703 interpretatur,
640 1618 785 1700 impudica
800 1618 856 1682 rita
871 1619 959 1682 obiici
974 1620 1084 1702 possit,
1103 1621 1214 1705 quippe
1228 1623 1275 1687 cui
1290 1642 1351 1687 non

192 1745 246 1790 suo
266 1723 318 1787 sed
338 1721 401 1786 beri
422 1721 542 1785 arbitrio
562 1718 717 1783 vivendum
738 1719 791 1783 sit:
807 1720 873 1785 dein
888 1723 968 1804 quod
984 1741 1068 1785 servo
1084 1743 1146 1787 non
1162 1725 1245 1789 liceat
1259 1725 1353 1790 virere

192 1828 367 1910 quibuscum
383 1824 463 1887 velit:
478 1824 669 1886 Artemonem
690 1831 787 1886 outern
802 1842 856 1888 sua
872 1834 979 1906 sponte
999 1845 1066 1889 oum
1082 1819 1311 1914 ἀρτοπώλισιν
1324 1839 1353 1894 et

191 1923 448 2014 ἐθολοντόρνοισι
463 1924 585 1990 vixisse:
605 1935 759 2007 postremo
776 1928 844 2008 quia
859 1927 979 1990 Artemo
1000 1949 1034 1992 en
1050 1947 1180 2011 paupere
1194 1931 1275 1994 dives
1291 1934 1352 1996 tse-

192 2043 237 2096 tus
260 2033 312 2104 sit,
335 2039 407 2094 teste
427 2029 590 2104 Atbenne03
618 2047 735 2092 serrum
757 2039 856 2093 autent
878 2027 992 2093 divitias
1015 2029 1070 2093 eibi
1097 2049 1268 2114 comparare
1289 2050 1351 2096 non

192 2133 332 2216 potuisse.
361 2131 459 2214 ltaque
473 2130 559 2195 etiam
575 2149 650 2212 quae
665 2131 702 2193 de
717 2123 809 2212 δουρὶ
825 2139 854 2192 ct
868 2132 976 2213 τροχῷ
990 2129 1139 2206 dicuntur,
1159 2149 1220 2194 non
1236 2133 1272 2194 de
1286 2153 1351 2197 ser·

193 2234 294 2298 ritibus
313 2233 464 2314 suppliciis
483 2233 575 2314 accipi
596 2232 670 2304 nuit,
691 2231 742 2294 sed
764 2231 801 2294 do
819 2231 930 2294 artibus
945 2241 974 2294 et
988 2233 1154 2313 praestigiis
1170 2235 1350 2298 Artemonis:

193 2335 280 2398 tuisse
295 2335 372 2397 enirn
389 2333 468 2396 irunc
486 2333 673 2414 petauristam
689 2341 740 2394 aut
753 2332 784 2395 in
800 2333 887 2395 simiti
908 2334 1005 2415 atiquo
1021 2351 1127 2415 genere
1143 2336 1296 2400 artificem:
1318 2331 1353 2401 ἐν

192 2433 287 2524 δουρί
309 2437 387 2502 idern
412 2457 477 2500 esso
500 2445 586 2517 atquo
605 2428 639 2498 ἒν
661 2425 789 2518 deoida,
812 2428 951 2519 δορίδας
976 2445 1072 2500 autem
1098 2457 1164 2500 esse
1187 2432 1353 2522 μαχαίρας

190 2535 398 2624 peperceritis,
426 2539 593 2604 cuiusmodi
612 2535 708 2601 cultro
721 2539 897 2602 instructum
914 2541 1102 2602 Artemonem
1122 2540 1192 2603 tates
1208 2542 1350 2622 quasdam

191 2645 359 2726 praestigias
370 2641 504 2716 edidisse
518 2642 618 2723 quales
630 2640 767 2704 Gitonem
779 2640 909 2704 Petronii
922 2660 946 2704 o
958 2643 999 2705 94
1012 2643 1047 2706 ed
1059 2644 1182 2706 Anton:
1196 2636 1232 2706 ἐν
1244 2645 1352 2728 τροχῷ

190 2757 284 2810 aretem
307 2737 426 2826 αι’·χὲνα
447 2736 533 2825 ἔχειν
554 2743 742 2827 ροοοιιτὶοιοιο
762 2744 833 2818 dici,
855 2744 904 2826 qni
920 2747 1049 2808 cernuiet
1064 2755 1093 2808 et
1111 2745 1140 2807 in
1157 2745 1291 2809 rnaclrina
1305 2737 1351 2810 rel

191 2861 252 2914 ruta
268 2849 388 2914 traiiriat
403 2869 477 2912 seso.
507 2849 585 2910 diaeo
604 2855 633 2910 rt
647 2847 694 2909 bis
709 2846 796 2909 etiarn
816 2846 960 2928 ineptiora
975 2867 990 2908 a
1006 2847 1100 2910 Petito
1115 2848 1276 2927 excogitata
1291 2867 1351 2912 non

193 2953 297 3024 mirere
311 2971 327 3013 o
343 2951 512 3018 Weickero.
531 2950 593 3012 viro
613 2947 866 3028 ingeniosissimo,
886 2947 995 3010 credita
1015 2957 1044 3010 ot
1062 2949 1266 3012 commendata
1281 2969 1352 3014 sano

192 3073 277 3134 operam
298 3051 416 3114 noliern.
435 3085 476 3098 -
489 3042 544 3113 Ἕν
564 3041 658 3130 δουρί
678 3066 738 3111 non
763 3048 884 3111 dubiurn
909 3057 954 3111 est
972 3048 1042 3131 quin
1063 3049 1139 3113 idern
1159 3051 1198 3113 sit
1219 3052 1298 3133 quod
1318 3046 1353 3116 ἐν

192 3147 291 3240 ξύλῳ,
313 3149 410 3232 ξύλον
430 3163 541 3224 autent,
567 3149 613 3213 cui
633 3150 759 3213 ceruices
780 3152 899 3214 Artemo
919 3149 1078 3224 inserebat,
1103 3145 1238 3240 κύφωνα
1261 3154 1351 3218 brisso

192 3263 310 3339 apparet
325 3255 354 3317 b.
369 3275 395 3316 e.
410 3249 526 3329 σκεῦος
547 3247 675 3330 ξύλινον
690 3238 718 3336 qt
738 3247 808 3316 τὸν
829 3245 970 3332 αι’·χένα
984 3247 1149 3319 ἐνθέντα
1164 3252 1216 3319 δεῖ
1227 3274 1352 3336 μαστο-

193 3353 337 3440 χοῖνσθαι
360 3351 417 3418 τὴν
443 3351 521 3438 περὶ
543 3351 604 3440 τήν
618 3345 743 3439 ἀγοράν
763 3358 1015 3438 κακουργοῦντα.
1059 3356 1150 3422 Verba
1166 3369 1237 3422 sunt
1251 3359 1352 3423 Pollu·

192 3461 233 3523 cis
247 3461 296 3523 lib.
312 3459 338 3521 X
353 3479 445 3540 scgm.
464 3458 534 3521 177.
582 3453 698 3542 Τροχῷ
712 3467 807 3522 autern
823 3457 938 3521 etiamsi
954 3459 1030 3522 baud
1047 3459 1134 3523 dubie
1148 3478 1209 3524 non
1226 3460 1350 3526 cervices

192 3563 271 3626 solae
285 3563 338 3624 sed
354 3570 446 3624 cetera
461 3579 579 3642 quorpro
595 3559 726 3623 menrbra
737 3559 801 3624 eius
817 3561 866 3642 qui
881 3561 1067 3642 castigandus
1078 3572 1139 3627 erat
1155 3563 1351 3645 imponeban-

192 3675 251 3742 tur,
270 3683 358 3728 nemo
374 3675 471 3728 tamen
492 3662 643 3727 mirabitur
657 3673 708 3726 aut
722 3663 894 3746 vituperabit
909 3675 1040 3747 poetam,
1060 3666 1112 3748 qui
1124 3666 1195 3730 baec
1213 3665 1351 3730 disertius

191 3785 423 3832 commemorare
442 3765 648 3849 supersederit.
697 3765 833 3830 Ceterum
853 3769 1041 3831 Artemonem
1062 3768 1190 3848 cogitare
1208 3767 1351 3833 debemus

191 3869 336 3935 institorio
351 3879 402 3934 aut
415 3869 502 3934 aimdi
516 3871 631 3934 cuidam
646 3869 779 3952 quaestui
795 3869 941 3945 deditum,
961 3869 1162 3933 fraudulenter
1174 3879 1306 3952 agentem
1322 3880 1352 3936 et

191 3969 432 4058 κακονρχοῖντα
451 3969 531 4057 περὶ
551 3967 611 4059 τήν
631 3963 770 4056 decede:
792 3971 842 4034 bic
859 3982 905 4034 est
923 3972 1002 4036 enim
1021 3973 1067 4034 itte
1085 3963 1244 4058 κίβδηλος
1264 3963 1348 4055 βίος,

99 4085 101 4090 ’
192 4093 279 4158 quem
304 4077 456 4140 Anacreon
485 4075 512 4139 ei
542 4075 656 4140 obiicit:
686 4081 911 4139 conversantem
940 4083 1037 4138 autem
1063 4093 1130 4139 oum
1160 4070 1349 4160 πόρναιοιν,

191 4321 233 4388 qai
243 4320 378 4373 natum
390 4319 546 4372 umine·
557 4319 716 4384 celebratum
728 4319 932 4388 que-erm
943 4321 1072 4392 Σίσοφος
1082 4285 1274 4395 κτραφόρχνοο
1284 4321 1347 4374 dici·

192 4411 235 4458 ru
243 4405 276 4458 aa
286 4404 431 4474 nauum
442 4421 515 4474 μ
527 4405 662 4460 ma·
673 4405 772 4458 euers.
