3092 4964
641 381 843 484 Q...

162 573 259 638 verto
279 590 351 637 otro
365 575 569 656 compositione
582 574 665 654 [octo
688 584 714 636 et
734 574 779 636 tiis
798 577 864 636 ιἰιιι
883 575 1011 638 iurando
1026 575 1194 650 courteous,
1214 579 1326 641 eoricus

163 676 236 741 otili
246 679 306 741 coit
319 687 346 740 ct
360 679 547 740 inimicorum
561 695 692 740 ιιιοιιιιι
708 676 899 758 legationibus
913 699 972 741 nou
984 679 1115 762 ponciis,
1130 698 1252 743 sensum
1268 680 1324 745 loci

162 783 218 846 inec
238 781 375 844 versione
393 780 466 844 satis
484 781 651 862 expeditum
667 800 734 844 esse
751 791 898 857 autuman
918 782 1042 845 liothius
1061 792 1157 845 sutenn
1173 783 1261 846 etinrn
1277 785 1324 847 di·

163 885 269 950 sertius
284 883 379 960 „nihil
394 882 550 956 omninu‘,
565 885 672 968 inquit,
688 885 760 960 „liic
774 885 947 948 mutandum
962 895 1023 960 est,
1041 884 1132 948 inodo
1149 905 1186 948 ne
1199 905 1321 968 quaeras

163 987 383 1073 oppositionem
398 985 554 1051 ventorum
569 981 702 1066 τούτοις
722 1023 764 1036 --
786 982 846 1071 ἐμέ
867 999 896 1052 ct
917 989 1104 1070 scrpuentiunr
1125 981 1322 1072 λόγοις-πέ-

163 1095 255 1171 θοιο,
277 1111 353 1176 quoc
367 1091 439 1155 nihil
454 1091 531 1154 uliud
546 1101 616 1154 sunt
631 1111 719 1174 quarn
734 1086 949 1180 έπεξήγοσις,
972 1094 1117 1156 nfflnrroto
1142 1094 1253 1178 rprippe
1276 1115 1321 1168 eo,

163 1196 247 1260 cuius
269 1196 449 1262 contrarium
464 1197 563 1260 licien
583 1197 697 1278 negavit
719 1197 748 1259 in
768 1197 964 1279 praegressis,
986 1217 1044 1280 rpus
1063 1199 1156 1280 ligura
1173 1198 1246 1262 nilril
1261 1201 1322 1264 usi·

163 1301 253 1365 totius
267 1301 298 1364 in
313 1299 402 1364 relius
417 1319 492 1383 qrrsc
506 1310 608 1365 nostro
628 1301 749 1365 interest
763 1311 795 1364 ut
810 1311 887 1364 recte
896 1303 1113 1366 constituantur
1127 1301 1323 1367 sunlrilinntur·

162 1412 249 1487 quc.“
293 1403 347 1468 llis
367 1406 463 1487 itaquo
481 1404 642 1468 duumuiris
657 1405 682 1468 si
698 1405 884 1468 scirolirstnnr
905 1406 1021 1468 unium
1035 1405 1191 1486 erilangus,
1211 1407 1321 1469 ntrllurn

163 1509 193 1572 in
214 1507 277 1572 cius
297 1507 538 1590 interpretatione
562 1508 699 1572 indicium
722 1509 820 1572 inesse
839 1509 949 1572 ridebis
971 1509 1103 1572 lectionis
1129 1508 1166 1572 sir
1186 1529 1219 1572 ιι
1234 1529 1319 1591 quern

162 1611 278 1676 codices
300 1614 428 1676 ollorunt
446 1609 587 1675 oliversne.
617 1612 681 1676 Nun
704 1612 796 1694 tnagis
815 1622 911 1676 autern
933 1611 1002 1675 illud
1024 1613 1137 1696 probo,
1153 1613 1233 1695 quod
1248 1609 1321 1676 ller-

162 1733 322 1780 mnnnusc
342 1715 515 1780 scholiastae
537 1714 631 1780 vorbis
650 1709 706 1779 καὶ
726 1707 785 1778 οὐκ
806 1703 848 1778 liv
868 1710 926 1802 cpe
947 1708 1079 1779 insinuo
1099 1708 1218 1800 pitter
1240 1735 1321 1800 προ-

163 1810 299 1903 κριίαις,
323 1837 390 1882 curn
415 1837 476 1881 non
500 1809 558 1882 οὐκ
582 1809 623 1880 iio
645 1809 782 1895 πέθοιο,
798 1819 849 1881 secl
866 1809 924 1882 oie
948 1807 990 1880 tr
1011 1819 1158 1904 προθεῖο
1180 1817 1320 1901 scriptum

162 1919 308 1984 invenisse
323 1920 480 1985 concludit.
525 1919 599 1983 unu
620 1919 644 1982 si
661 1919 699 1982 ito
720 1921 851 2000 legisset,
867 1939 928 1983 uon
948 1920 1094 2002 potuisset
1106 1913 1323 2006 interpreti-

161 2043 253 2104 μασι
274 2042 330 2106 pro
352 2015 647 2109 inreppuntriptoot,
669 2015 806 2086 εὐθεῖαι
828 2022 951 2102 (voluit,
971 2023 1096 2104 opinor,
1117 2013 1322 2108 αέιιοτικιξι)

162 2117 237 2189 riori
259 2121 394 2210 δοτικῆς
414 2124 542 2208 positotn
569 2123 679 2200 diocto,
705 2142 802 2206 usquc
826 2124 1023 2188 oocusotivurn
1050 2143 1103 2206 per
1127 2123 1323 2188 omissionem

162 2229 392 2313 praepositionis
407 2221 468 2292 ott
481 2226 633 2310 explicere.
663 2227 792 2308 Utroque
805 2227 885 2290 eninr
896 2225 1050 2309 explicatio
1062 2225 1192 2290 ostendit
1205 2224 1323 2290 uerbum

162 2333 198 2396 ob
212 2351 248 2396 eo
269 2331 375 2396 lectum
395 2349 462 2394 esse
479 2329 640 2404 eiusmodi,
659 2331 706 2395 oui
725 2329 907 2394 ecousetivus
927 2347 989 2392 non
1009 2339 1086 2392 recte
1111 2328 1324 2410 adiungeretur,

161 2436 246 2520 puolo
260 2434 381 2500 ncrlrunr
399 2451 459 2497 non
476 2432 623 2520 προθεῖο
640 2433 692 2494 sed
715 2425 841 2496 πίθοιο
855 2441 909 2494 ιιι
940 2431 1002 2495 lloc
1014 2449 1105 2495 unuin
1118 2431 1207 2512 igitur
1219 2429 1323 2510 emlrigi

163 2538 285 2622 prolusit,
306 2553 405 2602 utrum
425 2535 505 2617 quod
523 2533 569 2598 ille
583 2534 651 2614 lcgit
666 2535 702 2599 oi»
717 2533 856 2616 Euripide
871 2535 1013 2616 scripturn
1028 2551 1066 2596 eu
1080 2533 1213 2597 nitiotum
1231 2531 1323 2596 luserit

160 2644 256 2725 Atque
271 2635 449 2705 πιθέσθαι
470 2629 760 2725 inexp-precipere
781 2655 844 2700 non
864 2637 972 2718 opinor
986 2637 1074 2700 scrilri
1090 2635 1240 2718 potuisse,
1258 2633 1323 2696 licet

162 2741 286 2824 πάντα,
308 2739 428 2821 ταῦτα,
451 2737 561 2806 πολλὰ
577 2734 756 2806 πιθέσθαι
779 2750 857 2804 rcctc
876 2740 1004 2804 dicotur:
1019 2750 1110 2804 restet
1124 2739 1213 2820 igitur
1229 2746 1261 2799 nt
1274 2744 1323 2798 out

159 2839 452 2937 έπικηροκιέμασα
474 2856 525 2910 out
547 2835 675 2909 πίθοιο
698 2844 827 2909 vitiotunt
844 2845 895 2909 sit:
912 2845 937 2908 si
953 2836 1091 2922 πίθοιο,
1107 2843 1205 2926 potuit
1218 2841 1276 2904 huc
1288 2857 1322 2903 cr

161 2947 268 3020 πίθοι
290 2972 328 3019 σε
352 2961 496 3016 nrutotunr
519 2969 587 3014 osso
606 2969 642 3014 co
663 2950 790 3014 lortnssc
809 2949 937 3022 lucilius,
959 2968 1017 3032 qno
1038 2948 1134 3013 rorior
1152 2958 1198 3010 cst
1217 2944 1323 3010 aconas

161 3061 273 3124 iornroc
293 3050 423 3122 ἔπιθοι
442 3074 530 3130 usus;
550 3055 576 3120 si
597 3047 900 3140 inruppoeetpccn,
923 3072 985 3118 non
1005 3062 1104 3135 potest
1127 3051 1184 3113 lroc
1208 3047 1266 3114 uisi
1289 3068 1322 3112 eu

160 3152 443 3250 intepocseciptour
461 3159 650 3242 tloprorntum
665 3177 747 3222 csse:
769 3157 856 3240 idque
871 3178 940 3238 ego,
955 3174 1048 3249 qunnp
1066 3152 1183 3216 codices
1198 3171 1325 3216 cousen-

161 3265 242 3341 liant,
258 3283 359 3328 verum
375 3283 442 3326 csso
456 3262 593 3327 arbitror.
620 3255 882 3343 ltenreinniporoc,
898 3277 959 3346 pon
974 3251 1146 3338 intinctos,
1155 3253 1245 3318 scribi
1259 3273 1326 3318 nrrn

160 3369 254 3433 tribus
269 3367 357 3431 codol.
373 3367 465 3430 Poris.
481 3365 680 3448 oppositionis
694 3365 769 3428 ratio
785 3358 1078 3442 oppressorumque
1089 3349 1148 3423 οέκ
1159 3349 1201 3422 ἄν
1212 3357 1325 3422 tolerari

162 3491 223 3535 non
237 3489 328 3554 posse
342 3469 536 3534 demonstrat
566 3471 699 3533 Praestat
715 3477 811 3532 utnon
831 3466 955 3527 torussc
970 3453 1086 3525 κιιίιον
1099 3481 1188 3544 quarn
1203 3451 1275 3540 seii
1285 3449 1325 3524 iio
1343 3469 1370 3520 tt

161 3591 319 3658 reponere:
339 3593 406 3637 rtem
428 3561 469 3636 ἄν
485 3571 604 3654 quidcnr
625 3570 716 3634 semol
736 3569 865 3648 posituro
886 3565 1048 3629 sulliciolut
1068 3565 1143 3645 (uisi.
1159 3565 1196 3629 orl
1211 3565 1281 3628 luae.
1295 3582 1324 3645 p.

63 3715 65 3720 ·
161 3679 235 3743 371.
246 3677 391 3742 liencurt}
402 3675 434 3738 S.
446 3675 550 3738 Electr.
561 3694 587 3738 ι.
598 3673 699 3736 tuost
712 3671 748 3732 tc
763 3667 864 3748 prnrtic.
882 3657 961 3750 iiup.
982 3669 1041 3731 tot
1056 3673 1140 3750 sopp)
1158 3683 1325 3749 pronomen

162 3801 247 3856 ιιιο,
262 3781 299 3844 nl
314 3771 413 3867 φίλος
434 3769 530 3858 γένοι’
547 3767 587 3840 iio
609 3792 669 3838 non
685 3771 784 3835 minus
798 3788 888 3851 quarn
907 3773 943 3833 orl
959 3763 1244 3856 intnppuesipooo
1259 3786 1326 3852 per·

162 3885 274 3960 tineus,
294 3901 388 3967 poene
407 3879 606 3945 necessarium
626 3875 747 3940 vitietur.
767 3906 809 3920 -
830 3873 911 3948 Qusc
934 3883 1032 3937 sutem
1053 3872 1241 3937 llernunnus
1260 3871 1327 3936 huic

163 3987 280 4052 lectioni
301 3983 414 4060 obiicit,
430 3984 513 4049 focile
531 3981 665 4045 nitentur
686 3975 830 4041 remoueri
854 3995 955 4058 posse.
993 3975 1128 4041 Primum
1152 3977 1226 4040 haec
1242 3973 1326 4039 nube

163 4084 277 4174 λόγοις
298 4084 336 4152 δέ
358 4082 488 4170 συμβὰς
509 4078 567 4148 καὶ
587 4077 678 4146 θεῶν
700 4072 872 4161 ἀνώμοτος
885 4087 973 4162 neget
988 4079 1031 4144 sic
1046 4078 1165 4162 intelligi
1180 4097 1280 4161 posse,
1295 4087 1328 4141 ut

163 4191 374 4258 contentiosum
390 4190 421 4253 in
436 4189 491 4253 hec
503 4185 629 4250 lectione
643 4182 787 4249 connexio
803 4183 941 4265 postulat,
956 4186 984 4246 si
996 4185 1083 4247 suciis
1093 4193 1206 4246 touturn
1217 4201 1329 4245 sem-

57 4309 59 4312 ’
164 4298 251 4363 nilus
265 4314 378 4360 ιιιιιιιι
392 4292 665 4374 consortemque
680 4289 748 4354 ticos
762 4297 844 4354 tester
858 4285 1037 4360 utillimis,
1048 4305 1082 4351 oc
1093 4286 1260 4374 συμβῆναι
1271 4279 1329 4349 iti·

162 4421 237 4486 γοις
251 4399 416 4485 ιίςοὶθιιιι
431 4395 476 4459 nix
491 4393 568 4460 eliud
583 4413 673 4478 quom
688 4393 772 4458 dictis
786 4389 908 4456 merto
922 4391 1058 4456 accedere
1072 4389 1245 4476 incisores
1255 4389 1331 4474 proi

109 4670 181 4692 Α
