3092 4964
760 428 819 492 190

211 625 280 688 tbiis
296 622 448 705 placuisse,
462 619 535 682 adeo
549 615 671 701 proprie
685 636 720 680 ao
733 615 775 680 rei
790 613 998 680 conuenienter
1011 613 1132 688 dictum,
1147 625 1179 678 ut
1190 614 1369 697 proeoalte·

209 747 275 792 rum
288 724 376 797 istud,
389 732 421 786 ut
431 721 546 786 exilium
562 719 635 802 ejus,
651 737 713 784 non
728 719 801 802 ipsa,
816 717 975 781 Corintldis
987 715 1133 801 placuisse
1145 718 1265 794 dicator,
1280 737 1369 782 nemo

210 829 291 895 tacite
306 826 434 909 requirat
448 824 506 890 nisi
521 824 570 906 qui
585 841 677 887 sensu
692 821 843 886 communi
855 829 959 884 eareat.
979 821 1179 896 Quamobrem
1189 821 1370 905 grammatici

210 930 458 1004 observationem,
480 927 693 991 nominativum
708 945 764 1008 pro
779 925 877 989 dativo
897 924 1029 1007 positum
1048 943 1135 1000 esso,
1150 924 1288 1006 equidem
1308 943 1371 988 non

210 1035 424 1115 adbancquam
440 1031 556 1096 codices
568 1029 677 1094 babent
691 1029 846 1092 lectionem
858 1028 1005 1111 portinere
1017 1027 1115 1103 eredo,
1131 1027 1183 1090 sed
1194 1045 1261 1090 cum
1274 1027 1372 1090 Elms·

209 1135 264 1200 leio
280 1147 379 1201 statuo
392 1155 460 1200 eum
478 1127 664 1199 duddroouo
675 1124 764 1217 φυγή
778 1130 893 1212 legisse,
907 1149 999 1213 eaque
1013 1130 1100 1194 rerba
1109 1130 1139 1194 in
1153 1130 1234 1194 bunc
1248 1129 1371 1193 modum

151 1314 153 1317 v
211 1239 372 1322 accepisse,
381 1237 464 1322 quasi
473 1257 528 1320 pro
536 1228 720 1322 duducodop
732 1230 821 1322 φυγῇ
829 1233 904 1298 dicta
920 1243 1030 1312 essent,
1045 1233 1227 1298 nominativo
1239 1232 1373 1298 absolute

176 1360 193 1414 ι
217 1354 267 1407 aut
287 1363 342 1426 per
361 1343 507 1424 quandem
528 1329 734 1405 ἆπίπτωοιι
752 1337 862 1421 posito.
906 1337 947 1402 lle
966 1356 1003 1402 ne
1022 1336 1090 1420 quis
1106 1337 1223 1401 obiiciat
1241 1356 1322 1411 eum,
1342 1346 1375 1400 ut

216 1464 297 1510 nunc
311 1445 429 1529 quidem
443 1443 533 1509 rerba
547 1443 611 1507 eius
630 1441 739 1525 scriptu
763 1450 874 1517 ettam,
897 1440 989 1505 solius
1014 1439 1174 1524 participii,
1189 1459 1250 1504 ιιοιι
1275 1439 1373 1514 etiam,

214 1560 247 1612 nt
260 1549 387 1623 deberet,
403 1545 574 1611 substantivi
589 1545 768 1609 mentionem
784 1544 893 1608 lacero:
907 1543 1034 1608 dubitari
1048 1561 1109 1607 non
1121 1551 1222 1625 potest
1233 1543 1303 1625 quin
1316 1541 1375 1606 boc

212 1650 357 1714 scholium
372 1669 439 1714 cum
453 1648 517 1713 aliis
531 1667 593 1712 ιιοιι
607 1647 708 1732 paucis
722 1666 739 1710 ι
753 1645 961 1710 uetustioribus
972 1646 1193 1710 commentariis
1204 1654 1374 1728 excerptum

214 1753 253 1818 sit
266 1753 303 1816 ab
317 1751 438 1816 bomine
456 1751 530 1817 satis
550 1751 684 1827 indocto,
710 1749 760 1832 qui
779 1769 870 1832 quum
893 1750 1049 1814 lectionem
1070 1748 1160 1814 bodie
1179 1749 1324 1832 vulgatam
1344 1748 1375 1812 in

214 1876 270 1920 suo
281 1856 415 1936 exemplo
427 1855 579 1930 inueniret,
595 1854 718 1935 ideoque
729 1848 818 1940 φυγῇ
829 1871 890 1917 uon
902 1848 991 1942 φυγή
1001 1852 1144 1934 scriptum
1156 1853 1274 1928 videret,
1288 1851 1376 1916 buius

214 1957 346 2022 vocabuli
368 1957 550 2022 montionem
573 1956 603 2020 in
624 1953 818 2020 describendo
841 1955 954 2020 scholio
977 1955 1169 2020 omittendam
1192 1957 1319 2020 duceret
1334 1987 1376 2002 -

217 2061 330 2137 erodsi
345 2061 381 2124 de
396 2061 566 2142 antiquitate
585 2059 666 2126 illius,
680 2057 815 2122 lectionis
834 2076 896 2121 non
916 2058 1031 2121 uidetur
1049 2058 1174 2122 dubitari
1193 2077 1298 2141 posse,
1318 2057 1375 2121 iam

217 2165 254 2228 de
267 2163 506 2246 interpretatione
524 2161 682 2225 ridendum
697 2171 756 2224 est:
782 2179 871 2243 quam
891 2161 1009 2242 ‹puidom
1025 2160 1163 2225 lilmsleio
1183 2161 1283 2224 minus
1302 2161 1378 2224 bene

196 2345 198 2350 Ι
219 2267 345 2330 cessisse
364 2266 535 2329 indicamus.
580 2265 637 2327 Por
655 2263 873 2346 appositionem
898 2265 977 2328 euim
998 2263 1069 2328 baec
1086 2263 1172 2327 uerba
1192 2255 1379 2328 ἁνδάνουσα

219 2361 308 2457 φυγή
328 2369 382 2432 dici
403 2367 549 2431 existimat
570 2369 672 2432 eadem
692 2367 819 2444 ratione,
842 2387 899 2448 qua
926 2366 1000 2431 inlra
1020 2386 1046 2430 u.
1071 2367 1166 2430 1217:
1193 2365 1319 2430 κεῖνται
1342 2360 1380 2430 dc’

219 2465 327 2554 νεκροὶ
343 2463 547 2549 arciacensi
563 2463 664 2554 γέρων
678 2466 790 2557 πατὴρ
805 2463 923 2548 ardiae,
939 2465 1087 2555 erotem)
1103 2463 1279 2553 δακρύοισι
1296 2488 1380 2553 σομ-

218 2568 316 2662 pood,
331 2583 361 2639 ιι
375 2572 517 2637 lleraclid.
533 2593 559 2634 ι.
576 2573 631 2635 tu:
647 2563 756 2636 iudaea
773 2564 803 2634 d'
823 2562 914 2650 ὄντες
932 2563 1092 2656 ἀγοραίου
1113 2567 1200 2650 Διὸς
1218 2567 1380 2654 decidua-

168 2662 170 2666 ’
218 2680 291 2742 ode
299 2673 357 2740 καὶ
367 2670 472 2763 στέφη
480 2665 660 2756 μιαίνεται,
677 2668 810 2740 adteer‘
827 2664 957 2752 ὄνειδος
971 2669 1031 2738 καὶ
1045 2671 1137 2739 θεῶν
1152 2666 1286 2756 ἀτιμίαι
1302 2695 1379 2757 quo-

219 2797 286 2842 rum
301 2779 436 2843 loronun
452 2777 527 2840 banc
541 2777 684 2840 mtionern
704 2796 771 2840 esse
791 2787 924 2859 apparet,
943 2787 976 2840 ιιι
995 2796 1070 2858 quae
1089 2798 1143 2859 per
1161 2778 1380 2860 appositionem

218 2883 328 2946 adiectu
354 2888 437 2954 sunt,
462 2879 498 2942 dc
524 2887 587 2942 toto
614 2879 765 2942 enuntiato
792 2879 890 2962 priore
917 2879 1131 2960 praedicentur.
1176 2879 1291 2944 Scilicet
1310 2880 1381 2945 illud

219 2983 333 3067 ipsum,
359 2981 438 3064 quod
459 2989 543 3063 pater
557 2999 624 3044 rum
640 2980 698 3044 tilia
719 2981 898 3046 exanimatus
919 2981 1005 3057 iacet,
1025 3002 1112 3046 casus
1127 2982 1234 3046 dicitur
1247 2983 1382 3047 lacrima·

219 3087 295 3162 bilis,
302 3085 448 3167 huiusque
455 3083 611 3165 praedicati
623 3103 711 3148 causa
721 3104 757 3148 ac
767 3085 840 3149 ratio
856 3084 886 3149 in
901 3105 936 3148 eo
952 3087 1019 3169 ipso
1031 3087 1111 3169 quod
1126 3086 1310 3150 enuntiatum
1320 3097 1383 3150 erat

219 3189 316 3272 posita
331 3198 388 3252 est:
414 3189 541 3270 itemque
556 3186 635 3269 quod
651 3187 798 3269 supplices
814 3187 960 3253 violantur
973 3209 1008 3253 ao
1022 3199 1099 3252 serta
1114 3189 1299 3270 polluuntur,
1325 3189 1383 3254 boe

220 3291 320 3374 ipsum
340 3290 485 3354 eiusmodi
505 3299 563 3364 cst,
588 3298 622 3352 ut
640 3288 722 3353 tarbis
737 3291 864 3355 dedecus
883 3292 1054 3356 acdeorum
1074 3291 1181 3356 iniuria
1200 3292 1257 3357 diei
1277 3293 1382 3375 possit.

220 3396 258 3459 dt
271 3412 340 3458 vero
355 3393 386 3457 in
405 3413 455 3468 ιο,
476 3393 554 3475 quod
570 3391 668 3456 blcdea
683 3393 858 3458 Corinthum
873 3403 1075 3470 concesserat,
1095 3395 1169 3459 nibil
1188 3405 1235 3461 est
1254 3414 1307 3460 cur
1325 3395 1383 3459 boc
1484 3417 1487 3426 ·

221 3497 339 3562 exilium
359 3495 517 3560 Corinthiis
536 3495 651 3578 plaeere
677 3495 732 3560 dici
758 3496 869 3579 ptossit3
897 3498 1089 3581 quamobrem
1116 3499 1164 3563 tali
1190 3497 1383 3581 oppositioni,

220 3601 334 3683 qualem
348 3599 506 3664 Elmsloius
520 3599 629 3676 statuit,
642 3597 740 3663 locum
755 3619 816 3664 non
832 3601 923 3666 luisse
936 3601 1073 3666 arbitror.
1117 3593 1155 3666 Et
1169 3609 1276 3678 umen,
1290 3619 1383 3684 quum

220 3704 367 3788 nequead
383 3693 699 3786 dnlmoooneque
720 3703 756 3767 ad
778 3703 930 3770 absolutos
950 3704 1149 3771 nominativos
1169 3705 1328 3787 conlugcre
1347 3703 1384 3767 li·

219 3818 292 3885 reat,
306 3825 361 3892 per
374 3807 591 3891 appositionem
607 3807 652 3872 illa
664 3807 750 3871 uerba
766 3807 841 3873 dicta
853 3829 921 3874 esse
936 3819 1085 3893 opportet,
1100 3828 1202 3875 rerum
1214 3809 1252 3872 ita
1268 3817 1301 3872 ιιι
1312 3808 1386 3872 haee

220 3909 368 3994 appositio
387 3929 451 3976 non
470 3911 506 3976 ad
522 3921 616 3976 totum
639 3911 836 3989 enuntiatum,
861 3913 913 3997 sed
934 3913 970 3977 ad
990 3913 1156 3978 subiectum
1176 3911 1384 3977 tantummodo

220 4013 370 4095 pertineat.
415 4013 587 4079 Subiectum
606 4024 705 4081 autem
721 4015 909 4098 grammatice
928 4015 1048 4098 quidem
1071 4015 1170 4080 bledea
1185 4024 1244 4080 est:
1265 4023 1385 4082 senun-

224 4115 294 4180 tiam
320 4116 347 4182 si
372 4128 505 4201 spectes,
529 4137 592 4184 non
617 4119 690 4184 baec
717 4117 781 4182 sola
805 4127 863 4196 ιιι,
888 4117 941 4184 sed
968 4117 1056 4198 simod
1079 4119 1165 4185 etiam
1195 4119 1319 4185 maritus
1350 4138 1386 4184 ao

222 4215 316 4286 liberi.
371 4219 446 4286 Num
475 4215 618 4310 Mp'dotu
652 4216 708 4303 ξὺν
736 4212 832 4310 ἀνδρὶ
860 4215 919 4288 καὶ
945 4215 1095 4291 τέκνοισι
1123 4223 1194 4309 quid
1230 4233 1276 4289 est
1307 4223 1384 4289 abud

223 4341 312 4405 quam
338 4317 479 4410 Μήδεια
503 4321 563 4391 καὶ
588 4317 607 4392 ὁ
632 4317 715 4414 ἀνὴρ
739 4319 799 4390 καὶ
822 4320 866 4391 rol
888 4319 1007 4392 cdxvol
1048 4330 1136 4406 Quod
1162 4347 1253 4414 quum
1277 4327 1317 4392 ita
1338 4327 1385 4402 sit,
1486 4327 1488 4332 ’

224 4424 321 4509 potuit
349 4424 436 4489 etiarn
465 4428 577 4511 apponi
607 4447 719 4493 nomen
751 4427 947 4506 collectivum,
972 4431 1007 4494 ad
1038 4429 1170 4496 lledeam
1199 4430 1288 4495 simul
1317 4449 1385 4494 mm
1531 4430 1535 4459 ⁸
