3078 4954
210 675 275 738 dam
294 671 375 754 epira
394 667 508 743 asciuit,
534 689 550 734 a
570 667 674 734 ceteris
694 667 824 752 tragicis,
851 678 995 751 qumtunr
1014 669 1134 753 quidem
1154 683 1286 746 constet.
1313 693 1374 738 noo

211 787 356 860 rrsuqrata.

292 881 328 944 lli
344 879 415 954 lori,
436 897 563 961 quornm
581 877 672 940 lucilio
687 886 730 950 et,
751 877 806 940 nisi
823 898 872 940 rue
886 877 1003 942 animus
1017 880 1101 956 labit,
1117 891 1193 946 nerto
1208 882 1374 947 emendatio

209 985 269 1061 lnit,
287 1005 322 1048 ex
342 1003 403 1049 uno
423 1001 529 1046 omues
543 980 678 1065 episedio
693 991 779 1056 sunt,
799 981 828 1044 io
845 1001 904 1064 quo
920 985 1101 1049 Cassandrae
1116 1005 1244 1070 persona
1260 985 1375 1050 induci·

178 1109 194 1161 s
212 1100 271 1165 tor;
285 1108 344 1171 quo
359 1087 493 1171 episodio
508 1085 579 1150 nibil
594 1085 753 1169 quidquam
767 1086 967 1156 excellentius.
986 1088 1056 1153 nibil
1072 1090 1107 1154 ad
1123 1091 1239 1154 animos
1258 1091 1375 1155 audito-

210 1212 274 1256 rum
286 1193 329 1256 rol
343 1194 468 1256 borrore
478 1191 721 1255 relodurimllone
731 1191 773 1254 rel
788 1189 987 1255 uriserieordiu
1000 1196 1217 1275 permovendos
1226 1193 1376 1259 efficacius

209 1317 383 1380 aquoquam
403 1297 490 1362 ullius
509 1295 668 1377 unigentio
684 1306 733 1360 aut
748 1295 849 1359 aetatis
864 1305 952 1379 proelu
967 1297 1076 1362 laetum
1092 1307 1146 1362 esu
1172 1299 1210 1364 Et
1231 1319 1375 1384 prospera

211 1401 334 1483 quadam
355 1404 473 1466 lorluna
492 1399 610 1476 accidit,
633 1410 665 1464 ut
684 1401 756 1463 baec
775 1419 844 1482 pars
864 1402 1043 1484 tragoediae,
1070 1403 1146 1468 sicut
1165 1404 1251 1488 longe
1272 1405 1376 1468 ueteris

212 1505 406 1586 praestantior
420 1516 476 1578 est,
491 1503 530 1568 ita
544 1505 631 1568 etiarn
647 1503 822 1586 corruptelis
838 1505 1027 1587 paedoribus
1047 1515 1076 1570 et
1090 1506 1249 1572 levioribus
1264 1517 1375 1573 tantum

211 1611 381 1674 tribueretur.
417 1611 540 1673 llestant
559 1618 657 1672 tanuen
677 1609 834 1672 nonnullae
853 1609 882 1671 in
904 1609 967 1674 eius
983 1620 1066 1692 parte
1081 1613 1193 1694 priore,
1208 1613 1244 1676 de
1259 1612 1376 1694 quibus,

211 1715 363 1795 aoloquam
385 1714 421 1776 od
441 1713 581 1795 reliquam
602 1711 730 1776 labularu
751 1712 902 1786 recedam,
926 1713 1082 1778 dicendum
1103 1735 1170 1780 esse
1189 1715 1314 1779 ridetur.
1333 1749 1376 1760 -

214 1817 342 1880 l'rinmm
369 1816 455 1898 igitur
478 1835 504 1879 r.
529 1815 740 1878 lddll-ldll
766 1815 993 1899 etpraeronesua
1013 1817 1208 1884 Cassandram
1229 1827 1262 1883 ut
1282 1819 1377 1900 regias

213 1921 296 1984 aedes
311 1939 412 1985 serum
427 1920 554 1984 introeat
568 1919 683 1983 hortata
698 1919 742 1983 sie
756 1919 901 2001 loquitur:

436 2061 509 2136 ἀλλ’
525 2061 622 2158 εἴπερ
637 2063 711 2134 ἐστὶ
725 2065 769 2158 με)
786 2065 956 2152 χελιδόνος
970 2061 1067 2159 dt'rtqr

436 2167 567 2260 ῶγνῶτα
581 2169 693 2262 φωνὴν
707 2169 875 2260 βάρβαρον
890 2170 1080 2262 κεκτημένῃ,

435 2270 510 2344 ἔσω
528 2275 679 2366 φρενῶν
697 2273 838 2363 λέγουσα
857 2270 972 2344 πείθω
992 2300 1042 2342 νιν
1061 2273 1158 2368 λόγῳ.

213 2448 276 2513 lloe
290 2441 356 2513 ἴσω
372 2444 496 2536 φρενῶν
515 2447 644 2530 plerique
659 2467 726 2511 curn
741 2439 883 2530 λέγουσιν
904 2447 1115 2529 coniungentes
1136 2450 1376 2532 interpretantem

212 2555 256 2616 ita
272 2554 424 2634 loquens
440 2561 477 2614 ut
491 2551 671 2632 intelligat
686 2570 725 2613 ae
738 2560 859 2614 monte
874 2551 1062 2634 pereipiat.
1098 2551 1156 2615 Sed
1173 2555 1284 2617 nullum
1300 2565 1375 2618 extat

212 2655 393 2738 loquutionis
414 2656 471 2717 boe
490 2673 580 2718 sensu
600 2663 759 2736 usurpatae
779 2655 961 2738 exeruplum:
983 2673 1051 2718 nam
1068 2675 1142 2737 quae
1156 2657 1192 2718 ab
1210 2657 1377 2721 llermonno

210 2763 385 2836 allenrntnr,
405 2759 498 2841 Sopb.
514 2758 586 2822 ruit
602 2778 628 2820 r.
652 2758 744 2832 1325,
760 2751 890 2846 γράφει·
906 2753 1032 2845 φρενῶν
1047 2749 1127 2838 ἔσω,
1143 2769 1171 2822 et
1186 2760 1286 2844 llurip.
1302 2763 1377 2825 llud.

211 2886 236 2929 r.
257 2863 336 2938 uto,
357 2854 423 2928 ἴσω
442 2859 569 2951 φρενῶν
593 2852 743 2947 ῶρρωδνῶ
761 2883 837 2945 por,
860 2863 947 2943 longo
966 2863 1113 2926 dirorsaru
1135 2863 1376 2944 siqoiliratioueru

212 2970 319 3033 babere
337 2977 470 3051 apertum
492 2977 546 3031 ost.
584 2965 758 3030 lilauseniur
779 2985 846 3027 oum
862 2965 969 3028 llotbio
990 2955 1055 3028 i'ore
1075 2963 1202 3053 φρενῶν
1216 2968 1233 3030 i.
1250 2990 1277 3052 q.
1294 2990 1378 3055 φρο-

211 3065 328 3156 νίμως,
355 3072 565 3154 prudenter,
588 3089 654 3132 esso
677 3068 958 3142 voluissemus
981 3067 1107 3150 ‹letriqne
1130 3071 1215 3133 rerba
1239 3071 1282 3134 sie
1304 3093 1377 3136 cou-

211 3176 328 3250 struxil,
343 3169 456 3261 qrerrp'r
469 3166 640 3256 βάρβαρον
658 3164 724 3235 ἴσω
738 3167 865 3256 φρενῶν
880 3166 1071 3257 κειτρμένρε
1091 3191 1218 3254 «purorum
1235 3177 1377 3238 ulruurris

214 3277 322 3360 pariter
337 3277 469 3341 insolens
484 3285 512 3338 el
528 3274 719 3357 improbabile
740 3283 794 3336 est.
838 3273 907 3336 llibi
923 3273 1082 3355 desolqlus
1098 3275 1255 3358 scripsisse
1268 3281 1380 3343 ridetur

214 3372 245 3444 εἱ
260 3379 434 3465 σωφρονεῖ,
450 3379 537 3462 idque
553 3387 696 3441 mutnturu
712 3397 779 3440 esse
794 3377 837 3440 rel
851 3377 1038 3440 librariorum
1053 3395 1154 3441 errore
1171 3381 1212 3442 rol
1229 3391 1377 3445 remeetu-

214 3503 279 3548 rum
300 3483 427 3560 inscitie,
447 3481 553 3564 quibus
573 3480 680 3561 duplex
696 3480 740 3542 illa
758 3479 898 3560 protasis,
918 3471 1015 3562 εἴπερ
1030 3489 1059 3542 et
1074 3501 1141 3543 mox
1159 3473 1202 3560 εἰ,
1223 3485 1378 3548 offensioni
1416 3525 1418 3530 ,

215 3588 308 3651 luerit.
353 3587 430 3650 Sunt
444 3591 540 3647 autem
556 3583 646 3646 huius
661 3583 776 3664 genueris
796 3583 928 3664 eserupla
943 3601 1005 3645 non
1021 3582 1180 3645 admodum
1196 3603 1271 3661 rara,
1287 3606 1377 3669 quum

214 3689 304 3772 priori
319 3688 480 3754 conditioni
498 3683 684 3768 subiungitur
697 3686 795 3756 altera,
811 3705 869 3766 qno
886 3685 1037 3759 indicetur,
1052 3686 1132 3767 quod
1148 3689 1231 3768 prius
1247 3690 1377 3771 positum

213 3803 270 3868 est,
292 3794 328 3856 ad
348 3793 377 3856 id
397 3791 476 3874 quod
498 3791 527 3853 iu
546 3788 671 3873 apodosi
692 3787 799 3852 dieitur
819 3789 1005 3853 obiciendum
1026 3787 1064 3851 ita
1084 3789 1204 3851 demum
1225 3792 1332 3866 volere,
1353 3795 1377 3855 si

214 3897 330 3960 accedat
348 3893 435 3960 etiam
456 3895 544 3958 altera
563 3891 710 3966 conditio,
732 3892 982 3973 quemadmodum
1003 3891 1060 3954 boc
1079 3892 1145 3954 loeo
1166 3911 1226 3955 noo
1247 3893 1318 3956 satis
1333 3905 1398 3956 est·

216 3998 374 4080 intelligere
384 3998 580 4062 Cassandram
591 4013 665 4078 quoe
677 3995 904 4077 Clytaemnestra
915 3993 1000 4067 dicat.
1016 3993 1073 4056 nisi
1087 3994 1174 4058 etiam
1187 4004 1265 4058 reete
1276 3998 1379 4078 sapiat.

215 4112 247 4164 ot
262 4101 299 4176 id,
315 4102 394 4183 quod
410 4099 579 4165 intellexerit
592 4097 669 4162 illam
686 4097 791 4171 disere,
806 4096 892 4160 etiam
909 4095 1072 4159 laciendum
1089 4096 1146 4160 sibi
1162 4105 1269 4162 stotuat
1283 4118 1379 4181 neque

216 4203 426 4268 rontuorariter
439 4213 567 4286 respuat,
582 4201 693 4266 κενεῶν
702 4195 829 4288 φρενῶν
839 4191 997 4275 κλύουσα,
1016 4211 1048 4264 ut
1065 4201 1162 4284 paullo
1178 4211 1248 4285 post
1265 4201 1377 4284 cti-uo-

217 4315 347 4370 moerlro
361 4307 401 4370 ait
413 4328 441 4371 r.
461 4309 550 4370 tetra.
593 4304 735 4386 Exempla
753 4312 851 4368 autem
866 4301 990 4386 duplicis
1004 4313 1159 4385 protaseos
1175 4325 1210 4369 ex
1226 4305 1379 4387 utriusque

217 4409 330 4492 linquae
344 4409 537 4494 scriptoribus
552 4407 780 4494 suppeditabunt
802 4406 952 4471 lleindorl.
967 4405 1003 4470 od
1019 4408 1090 4472 Plat.
1107 4409 1214 4472 Pbaed.
1230 4429 1260 4492 p.
1276 4409 1313 4470 51
1332 4428 1378 4491 sq.

216 4511 338 4579 Ellendt.
353 4511 422 4578 Lex.
438 4512 531 4597 raph.
549 4514 564 4578 l
582 4533 612 4597 p.
627 4511 700 4579 tra.
729 4511 851 4596 liodriq.
867 4511 903 4576 od
918 4497 978 4577 Cio.
993 4509 1030 4575 de
1046 4511 1095 4575 lln.
1111 4531 1141 4595 p.
1158 4511 1230 4578 ³³2.
