<?xml version="1.0" encoding="UTF-8"?>
<!DOCTYPE html PUBLIC "-//W3C//DTD XHTML 1.0 Transitional//EN"
    "http://www.w3.org/TR/xhtml1/DTD/xhtml1-transitional.dtd">
<html xmlns="http://www.w3.org/1999/xhtml" xml:lang="en" lang="en">
 <head>
  <title>
</title>
<meta http-equiv="Content-Type" content="text/html;charset=utf-8" />
  <meta name='ocr-system' content='tesseract 3.04.00' />
  <meta name='ocr-capabilities' content='ocr_page ocr_carea ocr_par ocr_line ocrx_word'/>
</head>
<body>
  <div class='ocr_page' id='page_1' title='image "./opusculaacademi01schgoog_0181.png"; bbox 0 0 3078 4954; ppageno 0'>
   <div class='ocr_carea' id='block_1_1' title="bbox 636 377 835 474">
    <p class='ocr_par' dir='ltr' id='par_1_1' title="bbox 636 377 835 474">
     <span class='ocr_line' id='line_1_1' title="bbox 636 377 835 474; baseline -0.01 0"><span class='ocrx_word' id='word_1_1' title='bbox 636 377 793 474; x_wconf 57' lang='lat' dir='ltr'><strong>„tlt</strong></span> <span class='ocrx_word' id='word_1_2' title='bbox 819 465 835 473; x_wconf 83' lang='grc'><strong>.,</strong></span> 
     </span>
    </p>
   </div>
   <div class='ocr_carea' id='block_1_2' title="bbox 35 560 1359 3935">
    <p class='ocr_par' dir='ltr' id='par_1_2' title="bbox 35 560 1359 3935">
     <span class='ocr_line' id='line_1_2' title="bbox 159 560 1314 648; baseline -0.005 -19"><span class='ocrx_word' id='word_1_3' title='bbox 159 562 213 630; x_wconf 98' lang='grc' dir='ltr'><strong>λοι</strong></span> <span class='ocrx_word' id='word_1_4' title='bbox 227 565 269 629; x_wconf 89' lang='lat' dir='ltr'><strong>rei</strong></span> <span class='ocrx_word' id='word_1_5' title='bbox 285 563 419 648; x_wconf 92' lang='lat' dir='ltr'><strong>publicae</strong></span> <span class='ocrx_word' id='word_1_6' title='bbox 429 583 573 648; x_wconf 87' lang='lat' dir='ltr'><strong>praeesse.</strong></span> <span class='ocrx_word' id='word_1_7' title='bbox 601 563 647 628; x_wconf 77' lang='lat' dir='ltr'><strong>ln</strong></span> <span class='ocrx_word' id='word_1_8' title='bbox 662 582 746 639; x_wconf 81' lang='lat' dir='ltr'><strong>tero,</strong></span> <span class='ocrx_word' id='word_1_9' title='bbox 762 563 787 627; x_wconf 91' lang='lat' dir='ltr'><strong>si</strong></span> <span class='ocrx_word' id='word_1_10' title='bbox 798 563 1055 647; x_wconf 68' lang='lat' dir='ltr'><strong>Clytaemnestram</strong></span> <span class='ocrx_word' id='word_1_11' title='bbox 1067 579 1136 626; x_wconf 82' lang='lat' dir='ltr'><strong>urm</strong></span> <span class='ocrx_word' id='word_1_12' title='bbox 1147 560 1314 625; x_wconf 80' lang='lat' dir='ltr'>Hermanno</span> 
     </span>
     <span class='ocr_line' id='line_1_3' title="bbox 159 665 1314 752; baseline -0.001 -21"><span class='ocrx_word' id='word_1_13' title='bbox 159 668 306 752; x_wconf 75' lang='lat' dir='ltr'><strong>designari</strong></span> <span class='ocrx_word' id='word_1_14' title='bbox 325 670 485 744; x_wconf 84' lang='lat' dir='ltr'><strong>scutimus,</strong></span> <span class='ocrx_word' id='word_1_15' title='bbox 506 669 571 752; x_wconf 89' lang='lat' dir='ltr'><strong>plus</strong></span> <span class='ocrx_word' id='word_1_16' title='bbox 590 666 684 732; x_wconf 78' lang='lat' dir='ltr'><strong>bellici</strong></span> <span class='ocrx_word' id='word_1_17' title='bbox 703 666 820 731; x_wconf 87' lang='lat' dir='ltr'><strong>roboris</strong></span> <span class='ocrx_word' id='word_1_18' title='bbox 841 666 871 729; x_wconf 92' lang='lat' dir='ltr'><strong>in</strong></span> <span class='ocrx_word' id='word_1_19' title='bbox 891 665 1011 731; x_wconf 83' lang='lat' dir='ltr'><strong>muliere</strong></span> <span class='ocrx_word' id='word_1_20' title='bbox 1035 685 1122 747; x_wconf 86' lang='lat' dir='ltr'><strong>quarn</strong></span> <span class='ocrx_word' id='word_1_21' title='bbox 1146 665 1177 730; x_wconf 92' lang='lat' dir='ltr'><strong>io</strong></span> <span class='ocrx_word' id='word_1_22' title='bbox 1196 665 1314 730; x_wconf 82' lang='lat' dir='ltr'><strong>senibus</strong></span> 
     </span>
     <span class='ocr_line' id='line_1_4' title="bbox 159 770 420 836; baseline 0.004 -2"><span class='ocrx_word' id='word_1_23' title='bbox 159 771 250 836; x_wconf 84' lang='lat' dir='ltr'><strong>luisse</strong></span> <span class='ocrx_word' id='word_1_24' title='bbox 264 770 420 836; x_wconf 76' lang='lat' dir='ltr'><strong>dicemus?</strong></span> 
     </span>
     <span class='ocr_line' id='line_1_5' title="bbox 243 873 894 957; baseline -0.006 -18"><span class='ocrx_word' id='word_1_25' title='bbox 243 876 277 938; x_wconf 91' lang='lat' dir='ltr'><strong>ln</strong></span> <span class='ocrx_word' id='word_1_26' title='bbox 292 876 424 939; x_wconf 88' lang='lat' dir='ltr'><strong>oratione</strong></span> <span class='ocrx_word' id='word_1_27' title='bbox 438 873 680 957; x_wconf 70' lang='lat' dir='ltr'><strong>Clytaemestrae</strong></span> <span class='ocrx_word' id='word_1_28' title='bbox 694 893 720 936; x_wconf 83' lang='lat' dir='ltr'><strong>u.</strong></span> <span class='ocrx_word' id='word_1_29' title='bbox 736 873 793 936; x_wconf 79' lang='lat' dir='ltr'><strong>ttt</strong></span> <span class='ocrx_word' id='word_1_30' title='bbox 814 893 894 956; x_wconf 86' lang='lat' dir='ltr'><strong>sqq:</strong></span> 
     </span>
     <span class='ocr_line' id='line_1_6' title="bbox 359 966 1034 1063; baseline -0.004 -23"><span class='ocrx_word' id='word_1_31' title='bbox 359 970 608 1063; x_wconf 60' lang='lat' dir='ltr'><strong>inspectrices,</strong></span> <span class='ocrx_word' id='word_1_32' title='bbox 631 968 754 1040; x_wconf 83' lang='grc' dir='ltr'><strong><em>πόντον</em></strong></span> <span class='ocrx_word' id='word_1_33' title='bbox 775 969 861 1040; x_wconf 77' lang='grc' dir='ltr'><strong><em>ὥστε</em></strong></span> <span class='ocrx_word' id='word_1_34' title='bbox 882 966 1034 1054; x_wconf 82' lang='grc' dir='ltr'><strong><em>νωτίσαι,</em></strong></span> 
     </span>
     <span class='ocr_line' id='line_1_7' title="bbox 360 1069 1080 1164; baseline -0.007 -19"><span class='ocrx_word' id='word_1_35' title='bbox 360 1072 453 1161; x_wconf 62' lang='lat' dir='ltr'><strong>loyes</strong></span> <span class='ocrx_word' id='word_1_36' title='bbox 473 1075 636 1162; x_wconf 78' lang='grc' dir='ltr'><strong><em>πορευτοῦ</em></strong></span> <span class='ocrx_word' id='word_1_37' title='bbox 657 1073 835 1160; x_wconf 78' lang='grc' dir='ltr'><strong><em>λαμπάδος</em></strong></span> <span class='ocrx_word' id='word_1_38' title='bbox 856 1075 941 1164; x_wconf 80' lang='grc' dir='ltr'><strong><em>πρὸς</em></strong></span> <span class='ocrx_word' id='word_1_39' title='bbox 962 1069 1080 1164; x_wconf 55' lang='lat' dir='ltr'><strong>sidereis</strong></span> 
     </span>
     <span class='ocr_line' id='line_1_8' title="bbox 361 1174 1059 1270; baseline -0.001 -26"><span class='ocrx_word' id='word_1_40' title='bbox 361 1177 484 1269; x_wconf 71' lang='grc' dir='ltr'><strong><em>πεύκης</em></strong></span> <span class='ocrx_word' id='word_1_41' title='bbox 504 1177 543 1246; x_wconf 80' lang='grc' dir='ltr'><strong>τὸ</strong></span> <span class='ocrx_word' id='word_1_42' title='bbox 562 1177 792 1270; x_wconf 79' lang='grc' dir='ltr'><strong><em>χρεσοφεγγὲς,</em></strong></span> <span class='ocrx_word' id='word_1_43' title='bbox 814 1177 860 1259; x_wconf 79' lang='grc' dir='ltr'><strong>ὥς</strong></span> <span class='ocrx_word' id='word_1_44' title='bbox 880 1203 932 1259; x_wconf 86' lang='grc' dir='ltr'><strong>τις</strong></span> <span class='ocrx_word' id='word_1_45' title='bbox 953 1174 1059 1267; x_wconf 75' lang='grc' dir='ltr'><strong><em>ἥλιος,</em></strong></span> 
     </span>
     <span class='ocr_line' id='line_1_9' title="bbox 359 1279 1135 1372; baseline -0.005 -21"><span class='ocrx_word' id='word_1_46' title='bbox 359 1279 458 1364; x_wconf 80' lang='grc' dir='ltr'><strong><em>σέλας</em></strong></span> <span class='ocrx_word' id='word_1_47' title='bbox 478 1279 729 1372; x_wconf 74' lang='grc' dir='ltr'><strong><em>παραγγείλασα</em></strong></span> <span class='ocrx_word' id='word_1_48' title='bbox 752 1279 932 1349; x_wconf 77' lang='grc' dir='ltr'><strong><em>Μακίστου</em></strong></span> <span class='ocrx_word' id='word_1_49' title='bbox 955 1284 1135 1360; x_wconf 82' lang='grc' dir='ltr'><strong><em>σκοπαῖς.</em></strong></span> 
     </span>
     <span class='ocr_line' id='line_1_10' title="bbox 158 1385 1314 1473; baseline 0.001 -21"><span class='ocrx_word' id='word_1_50' title='bbox 158 1390 344 1473; x_wconf 84' lang='lat' dir='ltr'><strong>probandum</strong></span> <span class='ocrx_word' id='word_1_51' title='bbox 363 1398 408 1453; x_wconf 86' lang='lat' dir='ltr'><strong>cst</strong></span> <span class='ocrx_word' id='word_1_52' title='bbox 427 1390 507 1472; x_wconf 89' lang='lat' dir='ltr'><strong>quod</strong></span> <span class='ocrx_word' id='word_1_53' title='bbox 526 1391 712 1454; x_wconf 89' lang='lat' dir='ltr'><strong>llcrmaunus</strong></span> <span class='ocrx_word' id='word_1_54' title='bbox 731 1389 850 1470; x_wconf 77' lang='lat' dir='ltr'><strong>scripsit</strong></span> <span class='ocrx_word' id='word_1_55' title='bbox 870 1385 1003 1473; x_wconf 77' lang='lat' dir='ltr'><strong>oeomq&#39;r:</strong></span> <span class='ocrx_word' id='word_1_56' title='bbox 1028 1387 1125 1450; x_wconf 87' lang='lat' dir='ltr'><strong>sedin</strong></span> <span class='ocrx_word' id='word_1_57' title='bbox 1146 1389 1314 1471; x_wconf 83' lang='lat' dir='ltr'><strong>explicanda</strong></span> 
     </span>
     <span class='ocr_line' id='line_1_11' title="bbox 158 1491 1315 1572; baseline 0 -16"><span class='ocrx_word' id='word_1_58' title='bbox 158 1494 247 1558; x_wconf 89' lang='lat' dir='ltr'><strong>totius</strong></span> <span class='ocrx_word' id='word_1_59' title='bbox 263 1493 319 1558; x_wconf 90' lang='lat' dir='ltr'><strong>loci</strong></span> <span class='ocrx_word' id='word_1_60' title='bbox 336 1503 481 1556; x_wconf 82' lang='lat' dir='ltr'><strong>structura</strong></span> <span class='ocrx_word' id='word_1_61' title='bbox 498 1493 605 1556; x_wconf 85' lang='lat' dir='ltr'><strong>lmtstra</strong></span> <span class='ocrx_word' id='word_1_62' title='bbox 620 1492 768 1555; x_wconf 84' lang='lat' dir='ltr'><strong>laborarit.</strong></span> <span class='ocrx_word' id='word_1_63' title='bbox 799 1492 984 1554; x_wconf 85' lang='lat' dir='ltr'><strong>llesideratur</strong></span> <span class='ocrx_word' id='word_1_64' title='bbox 995 1491 1096 1572; x_wconf 88' lang='lat' dir='ltr'><strong>utique</strong></span> <span class='ocrx_word' id='word_1_65' title='bbox 1110 1491 1231 1554; x_wconf 80' lang='lat' dir='ltr'><strong>uerbum</strong></span> <span class='ocrx_word' id='word_1_66' title='bbox 1248 1495 1315 1556; x_wconf 83' lang='lat' dir='ltr'><strong>lmi-</strong></span> 
     </span>
     <span class='ocr_line' id='line_1_12' title="bbox 158 1589 1316 1680; baseline 0 -22"><span class='ocrx_word' id='word_1_67' title='bbox 158 1605 234 1672; x_wconf 88' lang='lat' dir='ltr'><strong>tum,</strong></span> <span class='ocrx_word' id='word_1_68' title='bbox 250 1597 337 1678; x_wconf 91' lang='lat' dir='ltr'><strong>idque</strong></span> <span class='ocrx_word' id='word_1_69' title='bbox 352 1596 513 1677; x_wconf 73' lang='lat' dir='ltr'><strong>intelligens</strong></span> <span class='ocrx_word' id='word_1_70' title='bbox 528 1594 741 1676; x_wconf 77' lang='lat' dir='ltr'><strong>llambergerus</strong></span> <span class='ocrx_word' id='word_1_71' title='bbox 756 1595 944 1675; x_wconf 82' lang='lat' dir='ltr'><strong>sagacissima</strong></span> <span class='ocrx_word' id='word_1_72' title='bbox 959 1593 1124 1656; x_wconf 89' lang='lat' dir='ltr'><strong>coniectum</strong></span> <span class='ocrx_word' id='word_1_73' title='bbox 1140 1589 1316 1680; x_wconf 60' lang='grc' dir='ltr'><strong><em>παρηγγεί-</em></strong></span> 
     </span>
     <span class='ocr_line' id='line_1_13' title="bbox 158 1690 1316 1782; baseline 0 -22"><span class='ocrx_word' id='word_1_74' title='bbox 158 1716 251 1780; x_wconf 80' lang='lat' dir='ltr'><strong>pecus</strong></span> <span class='ocrx_word' id='word_1_75' title='bbox 283 1716 338 1779; x_wconf 89' lang='lat' dir='ltr'><strong>pro</strong></span> <span class='ocrx_word' id='word_1_76' title='bbox 366 1690 617 1782; x_wconf 84' lang='grc' dir='ltr'><strong><em>παραγγείλασα</em></strong></span> <span class='ocrx_word' id='word_1_77' title='bbox 642 1696 808 1779; x_wconf 87' lang='lat' dir='ltr'><strong>proposuit.</strong></span> <span class='ocrx_word' id='word_1_78' title='bbox 853 1697 884 1758; x_wconf 91' lang='lat' dir='ltr'><strong>ld</strong></span> <span class='ocrx_word' id='word_1_79' title='bbox 913 1713 1004 1778; x_wconf 89' lang='lat' dir='ltr'><strong>quum</strong></span> <span class='ocrx_word' id='word_1_80' title='bbox 1034 1697 1207 1776; x_wconf 82' lang='lat' dir='ltr'><strong>explicatum</strong></span> <span class='ocrx_word' id='word_1_81' title='bbox 1237 1709 1316 1761; x_wconf 84' lang='lat' dir='ltr'><strong>esset</strong></span> 
     </span>
     <span class='ocr_line' id='line_1_14' title="bbox 158 1794 1314 1884; baseline 0.001 -22"><span class='ocrx_word' id='word_1_82' title='bbox 158 1799 307 1882; x_wconf 87' lang='lat' dir='ltr'><strong>adscripto</strong></span> <span class='ocrx_word' id='word_1_83' title='bbox 327 1799 416 1862; x_wconf 84' lang='lat' dir='ltr'><strong>verbo</strong></span> <span class='ocrx_word' id='word_1_84' title='bbox 435 1799 543 1862; x_wconf 87' lang='lat' dir='ltr'><strong>usitato</strong></span> <span class='ocrx_word' id='word_1_85' title='bbox 562 1794 777 1884; x_wconf 75' lang='grc' dir='ltr'><strong><em>παρήγγειλε,</em></strong></span> <span class='ocrx_word' id='word_1_86' title='bbox 796 1800 853 1862; x_wconf 88' lang='lat' dir='ltr'><strong>ltoc</strong></span> <span class='ocrx_word' id='word_1_87' title='bbox 873 1799 970 1878; x_wconf 82' lang='lat' dir='ltr'><strong>ipsunt</strong></span> <span class='ocrx_word' id='word_1_88' title='bbox 986 1817 1002 1861; x_wconf 88' lang='lat' dir='ltr'><strong>a</strong></span> <span class='ocrx_word' id='word_1_89' title='bbox 1017 1797 1143 1860; x_wconf 84' lang='lat' dir='ltr'><strong>librariis</strong></span> <span class='ocrx_word' id='word_1_90' title='bbox 1158 1799 1235 1863; x_wconf 87' lang='lat' dir='ltr'><strong>illius</strong></span> <span class='ocrx_word' id='word_1_91' title='bbox 1248 1799 1314 1863; x_wconf 89' lang='lat' dir='ltr'><strong>loeo</strong></span> 
     </span>
     <span class='ocr_line' id='line_1_15' title="bbox 35 1893 1315 1984; baseline 0.002 -22"><span class='ocrx_word' id='word_1_92' title='bbox 35 1939 37 1946; x_wconf 34' lang='grc' dir='ltr'><strong><em>ι</em></strong></span> <span class='ocrx_word' id='word_1_93' title='bbox 157 1900 315 1983; x_wconf 86' lang='lat' dir='ltr'><strong>scriptum,</strong></span> <span class='ocrx_word' id='word_1_94' title='bbox 331 1920 365 1966; x_wconf 86' lang='lat' dir='ltr'><strong>ac</strong></span> <span class='ocrx_word' id='word_1_95' title='bbox 379 1901 446 1965; x_wconf 87' lang='lat' dir='ltr'><strong>dein</strong></span> <span class='ocrx_word' id='word_1_96' title='bbox 460 1920 476 1962; x_wconf 86' lang='lat' dir='ltr'><strong>a</strong></span> <span class='ocrx_word' id='word_1_97' title='bbox 492 1901 706 1964; x_wconf 81' lang='lat' dir='ltr'><strong>correctoribus</strong></span> <span class='ocrx_word' id='word_1_98' title='bbox 723 1901 806 1963; x_wconf 90' lang='lat' dir='ltr'><strong>metri</strong></span> <span class='ocrx_word' id='word_1_99' title='bbox 823 1920 910 1962; x_wconf 86' lang='lat' dir='ltr'><strong>causo</strong></span> <span class='ocrx_word' id='word_1_100' title='bbox 930 1900 959 1961; x_wconf 94' lang='lat' dir='ltr'><strong>in</strong></span> <span class='ocrx_word' id='word_1_101' title='bbox 980 1893 1230 1984; x_wconf 82' lang='grc' dir='ltr'><strong><em>παραγγείλασα</em></strong></span> <span class='ocrx_word' id='word_1_102' title='bbox 1250 1921 1315 1965; x_wconf 84' lang='grc' dir='ltr'><strong>ωο-</strong></span> 
     </span>
     <span class='ocr_line' id='line_1_16' title="bbox 158 2001 1317 2089; baseline 0 -22"><span class='ocrx_word' id='word_1_103' title='bbox 158 2013 249 2067; x_wconf 93' lang='lat' dir='ltr'><strong>tatum</strong></span> <span class='ocrx_word' id='word_1_104' title='bbox 265 2023 332 2068; x_wconf 86' lang='lat' dir='ltr'><strong>esse</strong></span> <span class='ocrx_word' id='word_1_105' title='bbox 346 2022 486 2086; x_wconf 87' lang='lat' dir='ltr'><strong>perquam</strong></span> <span class='ocrx_word' id='word_1_106' title='bbox 502 2004 562 2066; x_wconf 81' lang='lat' dir='ltr'><strong>teri</strong></span> <span class='ocrx_word' id='word_1_107' title='bbox 578 2002 672 2066; x_wconf 89' lang='lat' dir='ltr'><strong>simile</strong></span> <span class='ocrx_word' id='word_1_108' title='bbox 687 2013 741 2066; x_wconf 86' lang='lat' dir='ltr'><strong>ost.</strong></span> <span class='ocrx_word' id='word_1_109' title='bbox 771 2003 833 2066; x_wconf 84' lang='lat' dir='ltr'><strong>Nisi</strong></span> <span class='ocrx_word' id='word_1_110' title='bbox 854 2003 920 2083; x_wconf 89' lang='lat' dir='ltr'><strong>quis</strong></span> <span class='ocrx_word' id='word_1_111' title='bbox 941 2003 1016 2064; x_wconf 84' lang='lat' dir='ltr'><strong>lorte</strong></span> <span class='ocrx_word' id='word_1_112' title='bbox 1030 2003 1097 2064; x_wconf 92' lang='lat' dir='ltr'><strong>illud</strong></span> <span class='ocrx_word' id='word_1_113' title='bbox 1118 2004 1218 2084; x_wconf 90' lang='lat' dir='ltr'><strong>potius</strong></span> <span class='ocrx_word' id='word_1_114' title='bbox 1234 2001 1317 2089; x_wconf 83' lang='grc' dir='ltr'><strong><em>πρὸς</em></strong></span> 
     </span>
     <span class='ocr_line' id='line_1_17' title="bbox 53 2099 1315 2192; baseline 0.002 -24"><span class='ocrx_word' id='word_1_115' title='bbox 53 2100 54 2104; x_wconf 66' lang='grc'>’</span> <span class='ocrx_word' id='word_1_116' title='bbox 157 2099 277 2192; x_wconf 73' lang='grc' dir='ltr'><strong><em>ἡδονήν</em></strong></span> <span class='ocrx_word' id='word_1_117' title='bbox 298 2108 329 2170; x_wconf 93' lang='lat' dir='ltr'><strong>in</strong></span> <span class='ocrx_word' id='word_1_118' title='bbox 348 2125 434 2170; x_wconf 82' lang='lat' dir='ltr'><strong>uersu</strong></span> <span class='ocrx_word' id='word_1_119' title='bbox 449 2104 581 2169; x_wconf 86' lang='lat' dir='ltr'><strong>secundo</strong></span> <span class='ocrx_word' id='word_1_120' title='bbox 600 2105 731 2168; x_wconf 81' lang='lat' dir='ltr'><strong>uitiatum</strong></span> <span class='ocrx_word' id='word_1_121' title='bbox 745 2124 814 2168; x_wconf 85' lang='lat' dir='ltr'><strong>esse</strong></span> <span class='ocrx_word' id='word_1_122' title='bbox 827 2106 935 2180; x_wconf 78' lang='lat' dir='ltr'><strong>eredat,</strong></span> <span class='ocrx_word' id='word_1_123' title='bbox 949 2106 1235 2188; x_wconf 74' lang='lat' dir='ltr'><strong>pertractandamque</strong></span> <span class='ocrx_word' id='word_1_124' title='bbox 1248 2127 1315 2170; x_wconf 89' lang='lat' dir='ltr'><strong>cum</strong></span> 
     </span>
     <span class='ocr_line' id='line_1_18' title="bbox 157 2202 1314 2295; baseline 0.004 -24"><span class='ocrx_word' id='word_1_125' title='bbox 157 2210 253 2292; x_wconf 86' lang='lat' dir='ltr'><strong>aliquo</strong></span> <span class='ocrx_word' id='word_1_126' title='bbox 268 2209 358 2274; x_wconf 84' lang='lat' dir='ltr'><strong>uerbo</strong></span> <span class='ocrx_word' id='word_1_127' title='bbox 374 2209 471 2284; x_wconf 78' lang='lat' dir='ltr'><strong>lenito,</strong></span> <span class='ocrx_word' id='word_1_128' title='bbox 487 2207 564 2273; x_wconf 77' lang='lat' dir='ltr'><strong>uelut</strong></span> <span class='ocrx_word' id='word_1_129' title='bbox 579 2202 771 2295; x_wconf 74' lang='lat' dir='ltr'><strong>rrpopdc&#39;dp.</strong></span> <span class='ocrx_word' id='word_1_130' title='bbox 801 2208 833 2271; x_wconf 93' lang='lat' dir='ltr'><strong>ld</strong></span> <span class='ocrx_word' id='word_1_131' title='bbox 852 2208 923 2271; x_wconf 84' lang='lat' dir='ltr'><strong>trtilti</strong></span> <span class='ocrx_word' id='word_1_132' title='bbox 945 2209 1014 2272; x_wconf 92' lang='lat' dir='ltr'><strong>olim</strong></span> <span class='ocrx_word' id='word_1_133' title='bbox 1035 2209 1065 2272; x_wconf 90' lang='lat' dir='ltr'><strong>in</strong></span> <span class='ocrx_word' id='word_1_134' title='bbox 1085 2221 1214 2274; x_wconf 87' lang='lat' dir='ltr'><strong>mentem</strong></span> <span class='ocrx_word' id='word_1_135' title='bbox 1230 2213 1314 2284; x_wconf 77' lang='lat' dir='ltr'><strong>yenit,</strong></span> 
     </span>
     <span class='ocr_line' id='line_1_19' title="bbox 156 2309 1351 2396; baseline 0.003 -20"><span class='ocrx_word' id='word_1_136' title='bbox 156 2322 223 2376; x_wconf 90' lang='lat' dir='ltr'><strong>aute</strong></span> <span class='ocrx_word' id='word_1_137' title='bbox 242 2332 331 2396; x_wconf 90' lang='lat' dir='ltr'><strong>quam</strong></span> <span class='ocrx_word' id='word_1_138' title='bbox 352 2313 536 2396; x_wconf 76' lang='lat' dir='ltr'><strong>Batttlterqeri</strong></span> <span class='ocrx_word' id='word_1_139' title='bbox 556 2311 792 2376; x_wconf 79' lang='lat' dir='ltr'><strong>emendationem</strong></span> <span class='ocrx_word' id='word_1_140' title='bbox 811 2329 948 2376; x_wconf 83' lang='lat' dir='ltr'><strong>nossem:</strong></span> <span class='ocrx_word' id='word_1_141' title='bbox 970 2331 1049 2377; x_wconf 89' lang='lat' dir='ltr'><strong>nune</strong></span> <span class='ocrx_word' id='word_1_142' title='bbox 1068 2313 1168 2378; x_wconf 84' lang='lat' dir='ltr'><strong>nescio</strong></span> <span class='ocrx_word' id='word_1_143' title='bbox 1188 2334 1226 2379; x_wconf 88' lang='lat' dir='ltr'><strong>an</strong></span> <span class='ocrx_word' id='word_1_144' title='bbox 1247 2317 1316 2379; x_wconf 86' lang='lat' dir='ltr'><strong>haec</strong></span> <span class='ocrx_word' id='word_1_145' title='bbox 1350 2309 1351 2312; x_wconf 51' lang='lat'>&#39;</span> 
     </span>
     <span class='ocr_line' id='line_1_20' title="bbox 156 2415 1359 2501; baseline 0 -23"><span class='ocrx_word' id='word_1_146' title='bbox 156 2419 345 2499; x_wconf 85' lang='lat' dir='ltr'><strong>praeterendo</strong></span> <span class='ocrx_word' id='word_1_147' title='bbox 364 2418 412 2481; x_wconf 84' lang='lat' dir='ltr'><strong>eit.</strong></span> <span class='ocrx_word' id='word_1_148' title='bbox 439 2451 480 2464; x_wconf 89' lang='lat'>-</span> <span class='ocrx_word' id='word_1_149' title='bbox 507 2415 540 2480; x_wconf 90' lang='lat' dir='ltr'><strong>ln</strong></span> <span class='ocrx_word' id='word_1_150' title='bbox 559 2415 658 2480; x_wconf 87' lang='lat' dir='ltr'><strong>cadem</strong></span> <span class='ocrx_word' id='word_1_151' title='bbox 679 2415 921 2497; x_wconf 85' lang='lat' dir='ltr'><strong>Clytaemnestrae</strong></span> <span class='ocrx_word' id='word_1_152' title='bbox 943 2417 1077 2480; x_wconf 86' lang='lat' dir='ltr'><strong>oratione</strong></span> <span class='ocrx_word' id='word_1_153' title='bbox 1095 2435 1121 2480; x_wconf 80' lang='grc' dir='ltr'><strong>ν.</strong></span> <span class='ocrx_word' id='word_1_154' title='bbox 1137 2417 1214 2495; x_wconf 76' lang='grc'><strong>289,</strong></span> <span class='ocrx_word' id='word_1_155' title='bbox 1233 2419 1311 2501; x_wconf 90' lang='lat' dir='ltr'><strong>quod</strong></span> <span class='ocrx_word' id='word_1_156' title='bbox 1328 2427 1359 2479; x_wconf 75' lang='lat' dir='ltr'><strong>te</strong></span> 
     </span>
     <span class='ocr_line' id='line_1_21' title="bbox 157 2509 1312 2606; baseline 0.001 -22"><span class='ocrx_word' id='word_1_157' title='bbox 157 2521 271 2585; x_wconf 83' lang='lat' dir='ltr'><strong>codices</strong></span> <span class='ocrx_word' id='word_1_158' title='bbox 287 2521 394 2586; x_wconf 84' lang='lat' dir='ltr'><strong>habent</strong></span> <span class='ocrx_word' id='word_1_159' title='bbox 409 2509 530 2604; x_wconf 77' lang='grc' dir='ltr'><strong><em>ὤτρυνε</em></strong></span> <span class='ocrx_word' id='word_1_160' title='bbox 551 2513 681 2600; x_wconf 73' lang='grc' dir='ltr'><strong><em>θεσμὸν</em></strong></span> <span class='ocrx_word' id='word_1_161' title='bbox 701 2515 746 2604; x_wconf 64' lang='grc' dir='ltr'><strong>με)</strong></span> <span class='ocrx_word' id='word_1_162' title='bbox 768 2511 1007 2600; x_wconf 67' lang='grc' dir='ltr'><strong><em>χαρίζεσθαι</em></strong></span> <span class='ocrx_word' id='word_1_163' title='bbox 1033 2514 1148 2606; x_wconf 71' lang='grc' dir='ltr'><strong><em>σωρός,</em></strong></span> <span class='ocrx_word' id='word_1_164' title='bbox 1171 2522 1312 2585; x_wconf 87' lang='lat' dir='ltr'><strong>llerutan·</strong></span> 
     </span>
     <span class='ocr_line' id='line_1_22' title="bbox 156 2615 1312 2707; baseline 0.003 -23"><span class='ocrx_word' id='word_1_165' title='bbox 156 2641 297 2688; x_wconf 86' lang='lat' dir='ltr'><strong>nuscum</strong></span> <span class='ocrx_word' id='word_1_166' title='bbox 314 2624 376 2688; x_wconf 88' lang='lat' dir='ltr'><strong>aliis</strong></span> <span class='ocrx_word' id='word_1_167' title='bbox 397 2622 602 2704; x_wconf 85' lang='lat' dir='ltr'><strong>compluribus</strong></span> <span class='ocrx_word' id='word_1_168' title='bbox 623 2622 747 2685; x_wconf 82' lang='lat' dir='ltr'><strong>tttutatit</strong></span> <span class='ocrx_word' id='word_1_169' title='bbox 766 2623 796 2685; x_wconf 92' lang='lat' dir='ltr'><strong>in</strong></span> <span class='ocrx_word' id='word_1_170' title='bbox 815 2619 861 2707; x_wconf 68' lang='lat' dir='ltr'><strong>pr}</strong></span> <span class='ocrx_word' id='word_1_171' title='bbox 883 2615 1097 2700; x_wconf 70' lang='grc' dir='ltr'><strong><em>χατίζισθαι,</em></strong></span> <span class='ocrx_word' id='word_1_172' title='bbox 1118 2625 1198 2704; x_wconf 88' lang='lat' dir='ltr'><strong>quod</strong></span> <span class='ocrx_word' id='word_1_173' title='bbox 1223 2625 1312 2688; x_wconf 88' lang='lat' dir='ltr'><strong>inter·</strong></span> 
     </span>
     <span class='ocr_line' id='line_1_23' title="bbox 155 2723 1313 2808; baseline 0.001 -19"><span class='ocrx_word' id='word_1_174' title='bbox 155 2737 302 2808; x_wconf 85' lang='lat' dir='ltr'><strong>pretatur:</strong></span> <span class='ocrx_word' id='word_1_175' title='bbox 317 2745 360 2790; x_wconf 89' lang='lat' dir='ltr'><strong>ne</strong></span> <span class='ocrx_word' id='word_1_176' title='bbox 376 2725 651 2790; x_wconf 85' lang='lat' dir='ltr'><strong>desideraretur</strong></span> <span class='ocrx_word' id='word_1_177' title='bbox 671 2723 699 2787; x_wconf 81' lang='lat' dir='ltr'><strong>la.</strong></span> <span class='ocrx_word' id='word_1_178' title='bbox 715 2745 740 2784; x_wconf 88' lang='lat' dir='ltr'><strong>o.</strong></span> <span class='ocrx_word' id='word_1_179' title='bbox 759 2741 796 2786; x_wconf 90' lang='lat' dir='ltr'><strong>no</strong></span> <span class='ocrx_word' id='word_1_180' title='bbox 816 2725 987 2786; x_wconf 86' lang='lat' dir='ltr'><strong>destitueret</strong></span> <span class='ocrx_word' id='word_1_181' title='bbox 1004 2735 1217 2806; x_wconf 81' lang='lat' dir='ltr'><strong>exspectantes.</strong></span> <span class='ocrx_word' id='word_1_182' title='bbox 1245 2727 1313 2790; x_wconf 81' lang='lat' dir='ltr'><strong>llilti</strong></span> 
     </span>
     <span class='ocr_line' id='line_1_24' title="bbox 159 2818 1314 2910; baseline 0.003 -21"><span class='ocrx_word' id='word_1_183' title='bbox 159 2827 338 2909; x_wconf 85' lang='lat' dir='ltr'><strong>probabilius</strong></span> <span class='ocrx_word' id='word_1_184' title='bbox 355 2828 468 2891; x_wconf 80' lang='lat' dir='ltr'><strong>ridetur</strong></span> <span class='ocrx_word' id='word_1_185' title='bbox 483 2824 657 2907; x_wconf 71' lang='lat' dir='ltr'><strong>Aeschylum</strong></span> <span class='ocrx_word' id='word_1_186' title='bbox 672 2825 828 2905; x_wconf 85' lang='lat' dir='ltr'><strong>scripsisse</strong></span> <span class='ocrx_word' id='word_1_187' title='bbox 842 2818 890 2910; x_wconf 63' lang='grc' dir='ltr'><strong>μή</strong></span> <span class='ocrx_word' id='word_1_188' title='bbox 897 2818 1122 2909; x_wconf 74' lang='grc' dir='ltr'><strong><em>χρονίζεσθαι,</em></strong></span> <span class='ocrx_word' id='word_1_189' title='bbox 1139 2846 1180 2892; x_wconf 88' lang='lat' dir='ltr'><strong>ne</strong></span> <span class='ocrx_word' id='word_1_190' title='bbox 1195 2831 1314 2893; x_wconf 83' lang='lat' dir='ltr'><strong>tarda·</strong></span> 
     </span>
     <span class='ocr_line' id='line_1_25' title="bbox 155 2921 1313 3010; baseline 0.003 -19"><span class='ocrx_word' id='word_1_191' title='bbox 155 2937 264 2992; x_wconf 85' lang='lat' dir='ltr'><strong>retur.</strong></span> <span class='ocrx_word' id='word_1_192' title='bbox 306 2931 348 2994; x_wconf 87' lang='lat' dir='ltr'><strong>ct</strong></span> <span class='ocrx_word' id='word_1_193' title='bbox 369 2931 450 3010; x_wconf 89' lang='lat' dir='ltr'><strong>Sept.</strong></span> <span class='ocrx_word' id='word_1_194' title='bbox 466 2929 502 2990; x_wconf 87' lang='lat' dir='ltr'><strong>nd</strong></span> <span class='ocrx_word' id='word_1_195' title='bbox 519 2926 613 2990; x_wconf 81' lang='lat' dir='ltr'><strong>Tltelt.</strong></span> <span class='ocrx_word' id='word_1_196' title='bbox 629 2946 655 2990; x_wconf 87' lang='grc' dir='ltr'><strong>ν.</strong></span> <span class='ocrx_word' id='word_1_197' title='bbox 672 2929 726 2989; x_wconf 81' lang='lat' dir='ltr'><strong>iol:</strong></span> <span class='ocrx_word' id='word_1_198' title='bbox 743 2921 799 2990; x_wconf 81' lang='grc' dir='ltr'><strong><em>καὶ</em></strong></span> <span class='ocrx_word' id='word_1_199' title='bbox 815 2923 918 2990; x_wconf 78' lang='grc' dir='ltr'><strong><em>τῶνδε</em></strong></span> <span class='ocrx_word' id='word_1_200' title='bbox 940 2922 1064 3006; x_wconf 82' lang='grc' dir='ltr'><strong><em>πίστις</em></strong></span> <span class='ocrx_word' id='word_1_201' title='bbox 1085 2923 1313 3009; x_wconf 67' lang='lat' dir='ltr'><strong>(sinceriores)</strong></span> 
     </span>
     <span class='ocr_line' id='line_1_26' title="bbox 156 3021 1312 3118; baseline 0.002 -26"><span class='ocrx_word' id='word_1_202' title='bbox 156 3023 215 3093; x_wconf 74' lang='lat' dir='ltr'><strong>ode</strong></span> <span class='ocrx_word' id='word_1_203' title='bbox 240 3021 326 3118; x_wconf 72' lang='grc' dir='ltr'><strong><em>λίκνῳ</em></strong></span> <span class='ocrx_word' id='word_1_204' title='bbox 346 3023 546 3116; x_wconf 82' lang='grc' dir='ltr'><strong><em>χρονίζεται,</em></strong></span> <span class='ocrx_word' id='word_1_205' title='bbox 570 3029 598 3093; x_wconf 89' lang='lat' dir='ltr'><strong>in</strong></span> <span class='ocrx_word' id='word_1_206' title='bbox 614 3048 674 3111; x_wconf 90' lang='lat' dir='ltr'><strong>quo</strong></span> <span class='ocrx_word' id='word_1_207' title='bbox 692 3048 777 3092; x_wconf 84' lang='lat' dir='ltr'><strong>rersu</strong></span> <span class='ocrx_word' id='word_1_208' title='bbox 793 3031 861 3092; x_wconf 85' lang='lat' dir='ltr'><strong>itcnt</strong></span> <span class='ocrx_word' id='word_1_209' title='bbox 876 3022 1043 3114; x_wconf 83' lang='grc' dir='ltr'><strong><em>χαρίζεται</em></strong></span> <span class='ocrx_word' id='word_1_210' title='bbox 1061 3051 1117 3114; x_wconf 92' lang='lat' dir='ltr'><strong>pro</strong></span> <span class='ocrx_word' id='word_1_211' title='bbox 1132 3025 1312 3116; x_wconf 78' lang='grc' dir='ltr'><strong><em>χρονίζεται</em></strong></span> 
     </span>
     <span class='ocr_line' id='line_1_27' title="bbox 155 3131 958 3216; baseline 0.001 -22"><span class='ocrx_word' id='word_1_212' title='bbox 155 3133 297 3216; x_wconf 87' lang='lat' dir='ltr'><strong>scriptum</strong></span> <span class='ocrx_word' id='word_1_213' title='bbox 313 3144 358 3197; x_wconf 89' lang='lat' dir='ltr'><strong>est</strong></span> <span class='ocrx_word' id='word_1_214' title='bbox 373 3135 402 3196; x_wconf 93' lang='lat' dir='ltr'><strong>in</strong></span> <span class='ocrx_word' id='word_1_215' title='bbox 416 3132 534 3198; x_wconf 75' lang='lat' dir='ltr'><strong>Stolraei</strong></span> <span class='ocrx_word' id='word_1_216' title='bbox 546 3131 647 3195; x_wconf 88' lang='lat' dir='ltr'><strong>codice</strong></span> <span class='ocrx_word' id='word_1_217' title='bbox 661 3133 705 3205; x_wconf 85' lang='grc' dir='ltr'><strong>λ.,</strong></span> <span class='ocrx_word' id='word_1_218' title='bbox 722 3131 818 3195; x_wconf 80' lang='lat' dir='ltr'><strong>Floril.</strong></span> <span class='ocrx_word' id='word_1_219' title='bbox 834 3132 892 3206; x_wconf 85' lang='lat' dir='ltr'><strong>l&#39;ll,</strong></span> <span class='ocrx_word' id='word_1_220' title='bbox 908 3131 958 3196; x_wconf 77' lang='lat' dir='ltr'><strong>su.</strong></span> 
     </span>
     <span class='ocr_line' id='line_1_28' title="bbox 240 3235 1317 3320; baseline 0.003 -23"><span class='ocrx_word' id='word_1_221' title='bbox 240 3236 379 3318; x_wconf 86' lang='lat' dir='ltr'><strong>Sequitur</strong></span> <span class='ocrx_word' id='word_1_222' title='bbox 405 3235 487 3300; x_wconf 87' lang='lat' dir='ltr'><strong>cltori</strong></span> <span class='ocrx_word' id='word_1_223' title='bbox 508 3235 678 3308; x_wconf 74' lang='lat' dir='ltr'><strong>strenuum,</strong></span> <span class='ocrx_word' id='word_1_224' title='bbox 699 3235 986 3317; x_wconf 83' lang='lat' dir='ltr'><strong>pmestantissintunt</strong></span> <span class='ocrx_word' id='word_1_225' title='bbox 1012 3236 1082 3300; x_wconf 91' lang='lat' dir='ltr'><strong>illud</strong></span> <span class='ocrx_word' id='word_1_226' title='bbox 1108 3237 1241 3320; x_wconf 88' lang='lat' dir='ltr'><strong>quidem,</strong></span> <span class='ocrx_word' id='word_1_227' title='bbox 1267 3239 1317 3300; x_wconf 85' lang='lat' dir='ltr'><strong>sed</strong></span> 
     </span>
     <span class='ocr_line' id='line_1_29' title="bbox 49 3337 1318 3422; baseline 0.005 -22"><span class='ocrx_word' id='word_1_228' title='bbox 49 3349 51 3356; x_wconf 86' lang='lat'>&#39;</span> <span class='ocrx_word' id='word_1_229' title='bbox 155 3338 265 3420; x_wconf 84' lang='lat' dir='ltr'><strong>aliquot</strong></span> <span class='ocrx_word' id='word_1_230' title='bbox 278 3339 351 3403; x_wconf 89' lang='lat' dir='ltr'><strong>locis</strong></span> <span class='ocrx_word' id='word_1_231' title='bbox 367 3337 440 3402; x_wconf 90' lang='lat' dir='ltr'><strong>adeo</strong></span> <span class='ocrx_word' id='word_1_232' title='bbox 455 3359 471 3401; x_wconf 86' lang='lat' dir='ltr'><strong>n</strong></span> <span class='ocrx_word' id='word_1_233' title='bbox 487 3337 612 3400; x_wconf 80' lang='lat' dir='ltr'><strong>librariis</strong></span> <span class='ocrx_word' id='word_1_234' title='bbox 628 3348 811 3420; x_wconf 88' lang='lat' dir='ltr'><strong>corruptum,</strong></span> <span class='ocrx_word' id='word_1_235' title='bbox 826 3348 858 3402; x_wconf 94' lang='lat' dir='ltr'><strong>ut</strong></span> <span class='ocrx_word' id='word_1_236' title='bbox 868 3339 954 3422; x_wconf 87' lang='lat' dir='ltr'><strong>plane</strong></span> <span class='ocrx_word' id='word_1_237' title='bbox 966 3339 1084 3420; x_wconf 77' lang='lat' dir='ltr'><strong>intelligi</strong></span> <span class='ocrx_word' id='word_1_238' title='bbox 1096 3351 1228 3422; x_wconf 76' lang='lat' dir='ltr'><strong>nequeat</strong></span> <span class='ocrx_word' id='word_1_239' title='bbox 1254 3341 1318 3406; x_wconf 83' lang='lat' dir='ltr'><strong>Pri·</strong></span> 
     </span>
     <span class='ocr_line' id='line_1_30' title="bbox 157 3441 1317 3526; baseline 0.005 -24"><span class='ocrx_word' id='word_1_240' title='bbox 157 3459 237 3503; x_wconf 85' lang='lat' dir='ltr'><strong>urutn</strong></span> <span class='ocrx_word' id='word_1_241' title='bbox 260 3441 290 3504; x_wconf 93' lang='lat' dir='ltr'><strong>in</strong></span> <span class='ocrx_word' id='word_1_242' title='bbox 309 3442 431 3524; x_wconf 89' lang='lat' dir='ltr'><strong>stropha</strong></span> <span class='ocrx_word' id='word_1_243' title='bbox 452 3442 562 3522; x_wconf 82' lang='lat' dir='ltr'><strong>prima,</strong></span> <span class='ocrx_word' id='word_1_244' title='bbox 581 3448 739 3521; x_wconf 85' lang='lat' dir='ltr'><strong>postquam</strong></span> <span class='ocrx_word' id='word_1_245' title='bbox 765 3441 876 3504; x_wconf 89' lang='lat' dir='ltr'><strong>dietum</strong></span> <span class='ocrx_word' id='word_1_246' title='bbox 896 3451 956 3518; x_wconf 83' lang='lat' dir='ltr'><strong>est,</strong></span> <span class='ocrx_word' id='word_1_247' title='bbox 975 3442 1084 3524; x_wconf 90' lang='lat' dir='ltr'><strong>impios</strong></span> <span class='ocrx_word' id='word_1_248' title='bbox 1110 3463 1177 3506; x_wconf 88' lang='lat' dir='ltr'><strong>esse</strong></span> <span class='ocrx_word' id='word_1_249' title='bbox 1198 3445 1247 3526; x_wconf 91' lang='lat' dir='ltr'><strong>qui</strong></span> <span class='ocrx_word' id='word_1_250' title='bbox 1270 3463 1317 3508; x_wconf 86' lang='lat' dir='ltr'><strong>res</strong></span> 
     </span>
     <span class='ocr_line' id='line_1_31' title="bbox 155 3541 1317 3626; baseline 0.003 -21"><span class='ocrx_word' id='word_1_251' title='bbox 155 3543 299 3606; x_wconf 87' lang='lat' dir='ltr'><strong>humanus</strong></span> <span class='ocrx_word' id='word_1_252' title='bbox 310 3562 326 3605; x_wconf 89' lang='lat' dir='ltr'><strong>a</strong></span> <span class='ocrx_word' id='word_1_253' title='bbox 339 3542 394 3607; x_wconf 88' lang='lat' dir='ltr'><strong>diis</strong></span> <span class='ocrx_word' id='word_1_254' title='bbox 405 3541 513 3623; x_wconf 82' lang='lat' dir='ltr'><strong>respici</strong></span> <span class='ocrx_word' id='word_1_255' title='bbox 525 3551 554 3604; x_wconf 88' lang='lat' dir='ltr'><strong>et</strong></span> <span class='ocrx_word' id='word_1_256' title='bbox 566 3541 640 3603; x_wconf 78' lang='lat' dir='ltr'><strong>natale</strong></span> <span class='ocrx_word' id='word_1_257' title='bbox 652 3542 724 3605; x_wconf 77' lang='lat' dir='ltr'><strong>taeta</strong></span> <span class='ocrx_word' id='word_1_258' title='bbox 736 3543 834 3624; x_wconf 78' lang='lat' dir='ltr'><strong>yruniri</strong></span> <span class='ocrx_word' id='word_1_259' title='bbox 848 3553 965 3623; x_wconf 79' lang='lat' dir='ltr'><strong>negent,</strong></span> <span class='ocrx_word' id='word_1_260' title='bbox 977 3544 1048 3608; x_wconf 87' lang='lat' dir='ltr'><strong>hacc</strong></span> <span class='ocrx_word' id='word_1_261' title='bbox 1059 3545 1317 3626; x_wconf 65' lang='lat' dir='ltr'><strong>teguntuevnns:</strong></span> 
     </span>
     <span class='ocr_line' id='line_1_32' title="bbox 358 3634 778 3730; baseline 0 -24"><span class='ocrx_word' id='word_1_262' title='bbox 358 3637 529 3730; x_wconf 71' lang='lat' dir='ltr'><strong>stirpense</strong></span> <span class='ocrx_word' id='word_1_263' title='bbox 553 3634 778 3727; x_wconf 72' lang='grc' dir='ltr'><strong><em>δ’ίγγόνοις</em></strong></span> 
     </span>
     <span class='ocr_line' id='line_1_33' title="bbox 358 3735 635 3833; baseline -0.018 -21"><span class='ocrx_word' id='word_1_264' title='bbox 358 3738 552 3833; x_wconf 72' lang='grc' dir='ltr'><strong><em>ἀτολμήτων</em></strong></span> <span class='ocrx_word' id='word_1_265' title='bbox 573 3735 635 3832; x_wconf 80' lang='grc' dir='ltr'><strong><em>ίίριγ</em></strong></span> 
     </span>
     <span class='ocr_line' id='line_1_34' title="bbox 359 3835 869 3935; baseline -0.004 -21"><span class='ocrx_word' id='word_1_266' title='bbox 359 3843 523 3914; x_wconf 83' lang='grc' dir='ltr'><strong><em>πνεόντων</em></strong></span> <span class='ocrx_word' id='word_1_267' title='bbox 543 3843 656 3932; x_wconf 78' lang='grc' dir='ltr'><strong><em>μεῖζον</em></strong></span> <span class='ocrx_word' id='word_1_268' title='bbox 677 3835 699 3935; x_wconf 72' lang='grc' dir='ltr'>ἢ</span> <span class='ocrx_word' id='word_1_269' title='bbox 721 3839 869 3925; x_wconf 79' lang='grc' dir='ltr'><strong><em>δικαίως.</em></strong></span> 
     </span>
    </p>
   </div>
   <div class='ocr_carea' id='block_1_3' title="bbox 156 3943 1439 4460">
    <p class='ocr_par' dir='ltr' id='par_1_3' title="bbox 156 3943 1439 4460">
     <span class='ocr_line' id='line_1_35' title="bbox 156 3943 1317 4050; baseline 0.009 -34"><span class='ocrx_word' id='word_1_270' title='bbox 156 3953 343 4019; x_wconf 88' lang='lat' dir='ltr'><strong>llcrtnaunus</strong></span> <span class='ocrx_word' id='word_1_271' title='bbox 359 3953 463 4018; x_wconf 86' lang='lat' dir='ltr'><strong>edidit:</strong></span> <span class='ocrx_word' id='word_1_272' title='bbox 484 3946 654 4042; x_wconf 79' lang='grc' dir='ltr'><strong><em>πέφανται</em></strong></span> <span class='ocrx_word' id='word_1_273' title='bbox 677 3943 893 4038; x_wconf 77' lang='grc' dir='ltr'><strong><em>δ’ίκγόνοις</em></strong></span> <span class='ocrx_word' id='word_1_274' title='bbox 913 3945 1115 4043; x_wconf 67' lang='grc' dir='ltr'><strong><em>ἀτολμήτως</em></strong></span> <span class='ocrx_word' id='word_1_275' title='bbox 1133 3946 1217 4050; x_wconf 78' lang='grc' dir='ltr'><strong><em>’Ἇρρ</em></strong></span> <span class='ocrx_word' id='word_1_276' title='bbox 1240 3981 1317 4026; x_wconf 80' lang='lat' dir='ltr'><strong>me·</strong></span> 
     </span>
     <span class='ocr_line' id='line_1_36' title="bbox 156 4047 1318 4144; baseline 0.009 -24"><span class='ocrx_word' id='word_1_277' title='bbox 156 4047 340 4144; x_wconf 75' lang='grc' dir='ltr'><strong><em>όντωνμ.ἢ.</em></strong></span> <span class='ocrx_word' id='word_1_278' title='bbox 356 4054 385 4123; x_wconf 81' lang='lat' dir='ltr'><strong>d.</strong></span> <span class='ocrx_word' id='word_1_279' title='bbox 401 4057 489 4140; x_wconf 87' lang='lat' dir='ltr'><strong>idque</strong></span> <span class='ocrx_word' id='word_1_280' title='bbox 504 4057 724 4140; x_wconf 84' lang='lat' dir='ltr'><strong>interpretatur:</strong></span> <span class='ocrx_word' id='word_1_281' title='bbox 739 4059 907 4142; x_wconf 84' lang='lat' dir='ltr'><strong>apparuit</strong></span> <span class='ocrx_word' id='word_1_282' title='bbox 921 4061 1015 4126; x_wconf 81' lang='lat' dir='ltr'><strong>natis</strong></span> <span class='ocrx_word' id='word_1_283' title='bbox 1030 4062 1318 4130; x_wconf 75' lang='lat' dir='ltr'><strong>intolerabiliter</strong></span> 
     </span>
     <span class='ocr_line' id='line_1_37' title="bbox 157 4161 1320 4251; baseline 0.009 -27"><span class='ocrx_word' id='word_1_284' title='bbox 157 4161 322 4226; x_wconf 90' lang='lat' dir='ltr'><strong>maiorem</strong></span> <span class='ocrx_word' id='word_1_285' title='bbox 339 4178 441 4244; x_wconf 90' lang='lat' dir='ltr'><strong>quam</strong></span> <span class='ocrx_word' id='word_1_286' title='bbox 462 4163 514 4224; x_wconf 83' lang='lat' dir='ltr'><strong>las</strong></span> <span class='ocrx_word' id='word_1_287' title='bbox 528 4161 761 4226; x_wconf 88' lang='lat' dir='ltr'><strong>eratllartcm</strong></span> <span class='ocrx_word' id='word_1_288' title='bbox 777 4163 1006 4245; x_wconf 87' lang='lat' dir='ltr'><strong>spirantium.</strong></span> <span class='ocrx_word' id='word_1_289' title='bbox 1051 4168 1128 4244; x_wconf 83' lang='lat' dir='ltr'><strong>Qtaid</strong></span> <span class='ocrx_word' id='word_1_290' title='bbox 1143 4171 1320 4251; x_wconf 77' lang='lat' dir='ltr'><strong>apparuerit,</strong></span> 
     </span>
     <span class='ocr_line' id='line_1_38' title="bbox 156 4261 1439 4348; baseline 0.015 -23"><span class='ocrx_word' id='word_1_291' title='bbox 156 4283 173 4325; x_wconf 90' lang='lat' dir='ltr'><strong>e</strong></span> <span class='ocrx_word' id='word_1_292' title='bbox 187 4263 390 4347; x_wconf 82' lang='lat' dir='ltr'><strong>superioribus</strong></span> <span class='ocrx_word' id='word_1_293' title='bbox 404 4261 523 4345; x_wconf 72' lang='lat' dir='ltr'><strong>intelligi</strong></span> <span class='ocrx_word' id='word_1_294' title='bbox 537 4262 609 4340; x_wconf 81' lang='lat' dir='ltr'><strong>vult,</strong></span> <span class='ocrx_word' id='word_1_295' title='bbox 624 4283 729 4348; x_wconf 89' lang='lat' dir='ltr'><strong>nempe</strong></span> <span class='ocrx_word' id='word_1_296' title='bbox 744 4265 871 4330; x_wconf 79' lang='lat' dir='ltr'><strong>divinam</strong></span> <span class='ocrx_word' id='word_1_297' title='bbox 886 4269 961 4332; x_wconf 89' lang='lat' dir='ltr'><strong>malo</strong></span> <span class='ocrx_word' id='word_1_298' title='bbox 976 4272 1120 4336; x_wconf 83' lang='lat' dir='ltr'><strong>tactorum</strong></span> <span class='ocrx_word' id='word_1_299' title='bbox 1134 4273 1318 4338; x_wconf 74' lang='lat' dir='ltr'><strong>animator·</strong></span> <span class='ocrx_word' id='word_1_300' title='bbox 1434 4333 1439 4344; x_wconf 92' lang='lat'><em>.</em></span> 
     </span>
     <span class='ocr_line' id='line_1_39' title="bbox 157 4363 1319 4460; baseline 0.012 -32"><span class='ocrx_word' id='word_1_301' title='bbox 157 4363 282 4430; x_wconf 89' lang='lat' dir='ltr'><strong>sionem.</strong></span> <span class='ocrx_word' id='word_1_302' title='bbox 313 4366 399 4450; x_wconf 72' lang='lat' dir='ltr'><strong>Atqui</strong></span> <span class='ocrx_word' id='word_1_303' title='bbox 420 4367 493 4430; x_wconf 84' lang='lat' dir='ltr'><strong>ltoeo</strong></span> <span class='ocrx_word' id='word_1_304' title='bbox 511 4366 727 4450; x_wconf 82' lang='lat' dir='ltr'><strong>nuncquidem</strong></span> <span class='ocrx_word' id='word_1_305' title='bbox 748 4386 809 4432; x_wconf 90' lang='lat' dir='ltr'><strong>non</strong></span> <span class='ocrx_word' id='word_1_306' title='bbox 823 4369 900 4432; x_wconf 85' lang='lat' dir='ltr'><strong>natio</strong></span> <span class='ocrx_word' id='word_1_307' title='bbox 916 4370 977 4435; x_wconf 84' lang='lat' dir='ltr'><strong>siue</strong></span> <span class='ocrx_word' id='word_1_308' title='bbox 991 4373 1121 4457; x_wconf 85' lang='lat' dir='ltr'><strong>posteris</strong></span> <span class='ocrx_word' id='word_1_309' title='bbox 1136 4368 1319 4460; x_wconf 71' lang='grc' dir='ltr'><strong><em>(ἐκγόνοις),</em></strong></span> 
     </span>
    </p>
   </div>
   <div class='ocr_carea' id='block_1_4' title="bbox 0 0 1544 4954">
    <p class='ocr_par' dir='ltr' id='par_1_4' title="bbox 0 0 1544 4954">
     <span class='ocr_line' id='line_1_40' title="bbox 0 0 1544 4954; baseline 0 0"><span class='ocrx_word' id='word_1_310' title='bbox 0 0 1544 4954; x_wconf 95' lang='lat' dir='ltr'><strong> </strong></span> 
     </span>
    </p>
   </div>
  </div>
 </body>
</html>
