3092 4964
757 482 820 548 224

213 673 310 737 ctione
333 670 462 736 dominis
484 671 619 745 relieta⁴⁴3
638 679 725 752 atque
746 670 804 734 hae
825 689 892 734 esse
914 671 983 734 illud
1003 672 1194 752 Laconicum,
1210 681 1289 761 quod
1304 678 1373 745 imi-

211 777 331 838 tandum
351 773 585 837 commendetur:
605 772 725 835 alteram
745 781 843 835 autem
859 772 936 835 uiam
950 773 1040 848 hanc,
1060 787 1094 839 ut
1107 789 1280 860 reputemus
1295 783 1372 846 anti·

211 895 286 960 quaes
302 876 515 959 Spartanorum
531 894 630 938 mores
645 894 679 938 ae
693 883 908 956 paupertatem,
924 894 991 938 cum
1005 879 1150 960 aequabili
1166 883 1226 944 lere
1239 884 1374 948 omnium

211 980 438 1065 possessionum
449 979 550 1054 modo,
562 979 672 1042 dudum
681 978 876 1061 'l'laeoplrrasti
888 987 982 1043 aetate
993 982 1161 1046 exolevisse.
1188 986 1372 1060 Quemenim

210 1102 269 1147 non
285 1083 385 1148 multis
400 1094 471 1164 post
484 1083 571 1148 liuius
585 1091 711 1145 mortem
726 1079 811 1144 aunis
826 1090 934 1144 statum
950 1083 1073 1148 ciuitatis
1089 1087 1180 1150 luisse
1194 1087 1328 1170 legimus,
1340 1099 1374 1153 ut

210 1187 365 1251 ainiuersus
376 1189 591 1270 Spartanorum
607 1204 749 1250 numerus
764 1203 825 1248 non
840 1196 921 1249 esset
933 1205 1023 1270 supra
1035 1189 1247 1272 septingentos,
1259 1212 1293 1255 ex
1305 1191 1373 1274 qui·

210 1289 267 1355 bus
282 1301 400 1355 centum
417 1293 485 1365 lere,
501 1291 550 1372 qui
565 1309 652 1373 agros
668 1288 863 1373 possiderent,
874 1287 962 1352 huius
974 1289 1055 1355 initia
1065 1292 1190 1355 dubitari
1202 1311 1263 1356 noa
1275 1303 1374 1375 potest

210 1393 282 1475 quin
296 1395 382 1476 longe
397 1393 495 1477 priora
512 1393 629 1470 luerint,
644 1401 675 1456 et
685 1391 854 1457 Aristoteles
870 1391 928 1456 iam
945 1408 998 1456 sus
1013 1402 1104 1457 aetate
1119 1394 1198 1458 eires
1209 1396 1372 1476 Spartanos

209 1496 286 1561 haud
301 1497 427 1580 amplius
443 1497 521 1561 mille
535 1505 680 1572 numerat,
696 1513 903 1577 summamque
918 1493 995 1558 inter
1005 1495 1062 1560 laos
1073 1497 1221 1561 bonorum
1234 1498 1372 1582 inaequa-
1451 1555 1453 1558 .

208 1597 317 1664 litatem
340 1601 431 1664 luisse
450 1608 582 1664 testatur.
622 1599 773 1663 Ponamus
794 1598 890 1682 itaque
909 1599 1017 1662 horum
1038 1600 1195 1676 ducentes,
1213 1602 1264 1684 qui
1283 1622 1372 1684 agros

208 1702 360 1767 habereut:
376 1722 480 1786 magna
497 1703 526 1765 in
542 1703 589 1766 his
604 1701 755 1766 latifundia
771 1699 992 1766 luisseaecesse
1006 1712 1060 1776 est,
1076 1721 1166 1784 σιιιιιιι
1179 1705 1214 1766 ad
1227 1705 1372 1769 duoeaaos

208 1807 423 1888 peruenissent,
442 1825 515 1889 quae
531 1806 601 1870 olim
617 1825 722 1870 aorem
738 1803 883 1879 millibus,
902 1815 965 1880 aut,
986 1804 1013 1868 si
1032 1805 1112 1869 hune
1132 1825 1288 1871 numerum
1308 1826 1370 1872 noa

156 1913 185 1968 21
209 1919 275 1970 ante
290 1919 459 1992 occupatam
475 1909 649 1974 Messeniam
665 1911 773 1971 laetum
789 1927 855 1971 esse
876 1907 1032 1972 statuimus
1045 1913 1052 1952 ¹
1065 1913 1114 1986 ²),
1135 1919 1274 1990 quattuor
1293 1921 1371 1975 certe

208 2010 334 2074 mdlilaus
348 2021 378 2074 et
391 2011 558 2093 quingentis
573 2013 758 2075 sedecemot
787 2011 821 2073 la
840 2011 929 2074 ιοιιιιέ
949 2009 1037 2092 igitur
1056 2009 1149 2091 copiis
1170 2011 1298 2094 diligenti
1318 2033 1370 2078 eu·

208 2113 302 2177 stedia
317 2125 346 2176 et
360 2125 491 2178 acclinata
507 2114 702 2196 dispositione
718 2132 794 2196 olaus
810 2113 900 2176 luisse
914 2130 1003 2176 nemu
1018 2111 1180 2188 mirabitur,
1195 2124 1224 2177 et
1235 2115 1371 2181 credibile

207 2216 352 2280 esthaeiu
364 2235 396 2280 re
410 2219 570 2300 Spartanos
586 2237 656 2300 prae
670 2219 775 2282 ceteris
790 2215 968 2290 excelluisse,
984 2215 1123 2278 translata
1137 2233 1218 2280 nune
1229 2217 1258 2280 in
1271 2220 1369 2299 priva·

208 2329 305 2383 torum
322 2309 526 2385 oeconomiam
542 2341 574 2384 ea
590 2321 718 2395 ratione,
734 2339 821 2402 quam
837 2318 907 2381 olim
923 2318 953 2381 ia
968 2317 1086 2400 publiea
1102 2328 1267 2385 tenuerunt

291 2422 519 2488 l'ercensuiauus
534 2442 725 2507 quaecunque
748 2421 778 2484 in
793 2421 851 2484 lroo
870 2420 965 2484 libelle
985 2419 1022 2483 dc
1041 2418 1293 2488 administratione
1312 2427 1368 2489 do-

206 2523 326 2586 mestica
341 2525 574 2608 praecipiuntur:
595 2525 624 2586 in
641 2523 749 2605 quibus
763 2521 897 2606 quamuis
912 2523 1002 2585 multa
1017 2521 1078 2584 siut
1092 2523 1178 2604 plane
1194 2525 1368 2602 Aristotelia,

207 2625 304 2689 omnis
320 2636 417 2689 tamea
433 2625 487 2689 ista
503 2624 721 2708 scriptiuncula,
736 2625 799 2688 sive
813 2642 912 2687 rerum
928 2633 1115 2687 mactatarum
1133 2626 1289 2704 ambitum,
1309 2631 1370 2692 siue

207 2727 301 2810 ipsam
317 2729 459 2792 tractandi
472 2729 628 2805 radonem,
640 2727 701 2792 sive
713 2728 840 2791 leimam
856 2736 886 2791 et
901 2727 1149 2810 compositionem
1169 2728 1260 2792 totius
1275 2750 1369 2813 opus·

205 2831 260 2894 culi
276 2831 432 2906 intuemur,
447 2830 512 2897 talis
528 2831 613 2896 uobis
628 2851 694 2895 esse
709 2831 835 2907 ridetur,
855 2831 970 2912 qeaalcm
985 2829 1023 2892 ab
1038 2829 1104 2912 ipso
1124 2831 1280 2896 Aristotele
1296 2835 1370 2898 scri·

208 2945 287 3018 ptam
303 2956 370 2998 esse
385 2936 432 2999 rix
446 2935 583 2999 credibile
597 2934 643 2997 sit.
674 2933 807 2997 Primum
825 2933 902 2997 enim
919 2940 1149 2996 consentaneum
1165 2943 1210 2997 est
1224 2935 1369 3001 Aristote-

206 3037 261 3102 lem
278 3039 308 3103 ia
323 3038 514 3102 oeconomica
529 3035 670 3101 tradenda
686 3036 812 3100 eundem
828 3034 979 3098 doctrinae
990 3034 1132 3098 ambitum
1146 3038 1369 3119 complexurum

205 3141 306 3216 luisse,
319 3141 369 3222 qui
384 3141 420 3204 ab
435 3140 503 3223 ipso
519 3138 603 3204 Polit
618 3138 695 3202 tint
714 3158 777 3220 cap.
797 3137 818 3200 2
838 3137 1004 3218 descriptus
1024 3145 1071 3201 est
1089 3137 1136 3201 lais
1159 3138 1271 3204 verbis:
1291 3135 1368 3206 ἐπεὶ

206 3235 271 3309 d'e’v
291 3242 363 3320 τοῖς
384 3234 570 3324 ἐλαχίστοις
591 3237 725 3327 πρῶτον
748 3233 886 3304 ἕκαστον
908 3231 1080 3325 ζητητέον,
1110 3237 1227 3326 πρῶτα
1250 3238 1288 3308 δὲ
1310 3241 1368 3309 καὶ

205 3339 364 3428 ι’λᾰχιστα
391 3340 474 3433 μέρη
508 3337 618 3424 οἶκίας
643 3338 810 3431 δεσπότης
835 3337 894 3407 καὶ
921 3337 1053 3421 δοῦλος,
1085 3339 1144 3407 καὶ
1175 3339 1280 3426 πόσις
1311 3346 1369 3414 καὶ

205 3443 333 3532 ἄλοχος,
355 3445 412 3514 καὶ
435 3443 546 3535 πατήρ
569 3443 626 3512 καὶ
647 3442 761 3525 τέκνα,
783 3442 864 3531 περὶ
883 3441 986 3534 τριῶν
1007 3435 1187 3512 ἃκτοῦτωκ
1207 3447 1369 3519 σκεπτέον

205 3545 268 3643 εἴη,
289 3545 325 3618 τί
347 3545 565 3630 ἕκαστονκαὶ
586 3551 686 3616 ποῖοι
707 3547 760 3617 δεῖ
779 3538 875 3616 εἶναι.
916 3545 1030 3614 Ταῦτα
1052 3540 1156 3616 δ’ἐστὶ
1182 3550 1368 3646 δεσποτική

203 3654 262 3724 καὶ
278 3651 404 3744 γαμική
430 3649 614 3739 (ἀνώνυμον
639 3651 701 3740 γὰρ
727 3647 747 3741 ή
774 3647 931 3739 γυναικός
956 3645 1015 3715 καὶ
1046 3642 1167 3735 ἀνδρὸς
1192 3650 1367 3740 σύζευξις),
1438 3719 1441 3726 ,

203 3754 387 3846 salvaltor
402 3755 421 3846 ή
436 3753 710 3847 τεκνοποιητική·
731 3755 790 3822 καὶ
812 3749 893 3842 αὕτη
916 3750 979 3840 γὰρ
999 3745 1059 3818 οὔκ
1074 3746 1265 3839 ὠνόμασται
1289 3754 1367 3850 idr'p

204 3857 351 3945 ὀνόματι.
389 3864 464 3928 'lres
479 3863 528 3927 laio
541 3863 614 3945 poni
629 3863 763 3926 ridemus
778 3859 986 3925 oeconomicae
999 3865 1108 3940 partes,
1123 3859 1276 3941 deservis,
1291 3886 1367 3948 quae

205 3960 403 4052 δεσποτική,
424 3968 460 4030 do
483 3965 636 4047 coniugio,
655 3984 730 4048 quae
746 3959 885 4051 γαμική,
901 3961 1064 4039 delibaris,
1079 3982 1154 4045 quae
1168 3985 1368 4057 τεκνοποιη·

204 4061 291 4152 τική,
306 4069 351 4132 rel
365 4069 479 4152 aptiore
493 4069 636 4133 rambula
652 4062 799 4153 πατρική
811 4065 919 4130 dicitur
928 4085 992 4149 rap.
1004 4065 1025 4128 5
1036 4083 1066 4146 p.
1078 4065 1129 4142 22,
1143 4067 1192 4130 lt.
1218 4071 1270 4136 llis
1281 4075 1366 4138 dein·

206 4187 276 4250 ceps
291 4182 393 4252 quarta
407 4164 618 4259 aetiungituap
641 4163 788 4256 κτητική.
831 4169 905 4234 Nam
921 4189 1012 4253 quum
1032 4172 1133 4238 multis
1148 4184 1178 4240 et
1191 4176 1278 4240 variis
1292 4177 1367 4241 vitae

107 4289 108 4294 ¹
206 4270 409 4338 imtrumsatls
425 4294 502 4358 opus
516 4274 563 4350 sit,
576 4293 653 4358 quse
664 4271 758 4348 bona,
773 4264 938 4359 κτήματα,
959 4284 1116 4341 τοοιιοιιιτε
1135 4278 1175 4343 de
1187 4279 1234 4342 lais
1249 4298 1367 4362 quoqsn

275 4494 316 4561 tn
334 4493 392 4549 vlt.
404 4497 520 4566 antiquit.
532 4498 548 4554 l.
561 4517 585 4569 p.
597 4501 642 4555 Gr.
654 4519 678 4570 p.
692 4500 741 4554 lto
753 4516 790 4570 sq.
