3106 4958
185 660 344 720 contendo.
392 659 430 717 st
455 653 575 736 pulclrra
601 665 702 716 estet
728 656 879 738 splendida
903 657 1034 720 relrentis
1060 677 1113 740 por
1139 677 1220 723 mare
1246 661 1352 744 imago.

185 764 263 822 Sane
276 759 400 841 pulnbra
414 767 474 831 est,
494 767 524 819 et
537 767 661 840 propter
676 759 751 822 bane
769 759 865 842 ipsam
881 760 1127 840 pulchritudinem
1148 773 1182 826 ιιι
1195 764 1353 847 interpola·

185 862 239 924 tori
260 861 305 924 sic
325 861 390 924 aliis
409 861 510 926 mrrltis
531 861 647 943 placuit.
693 862 750 926 Sed
769 879 850 926 nnnc
869 881 930 926 non
946 873 1009 927 erat
1022 865 1047 926 ei
1064 864 1162 943 locus,
1182 884 1243 929 non
1264 869 1354 930 mode

183 975 302 1050 praeter
317 965 534 1042 nenessitatem,
549 965 601 1028 sed
615 964 701 1030 etiam
713 977 817 1030 contra
833 965 1069 1051 probabilitatem
1085 971 1301 1034 concedendus.
1314 1007 1354 1018 —-

184 1069 279 1137 lltiam
296 1068 327 1135 iu
345 1070 549 1136 rabortationr
564 1069 690 1152 Neptuni
709 1071 745 1133 ad
762 1070 910 1135 Teucrum
931 1070 1072 1156 aliosque,
1086 1093 1113 1138 v.
1130 1073 1171 1136 tta
1188 1093 1269 1158 sqq„
1286 1084 1356 1140 snrrt

184 1197 258 1259 «puae
286 1177 405 1242 niallam
435 1175 547 1241 abesso.
606 1175 769 1258 imputatur
794 1176 974 1240 mascarum
1005 1177 1101 1242 riuales
1126 1179 1356 1262 Agamemnonis

108 1353 109 1358 .
184 1274 362 1368 κακότητι,
382 1283 412 1346 b.
427 1301 454 1345 o.
469 1299 529 1345 non
545 1280 683 1364 ignaviae,
698 1280 750 1345 sed
766 1279 901 1357 iniuriae,
917 1300 974 1363 qua
990 1283 1124 1347 ollensus
1140 1285 1265 1348 debilles
1280 1283 1355 1349 bello

184 1385 366 1463 abstinebat,
381 1387 410 1451 id
425 1385 505 1469 quod
520 1405 545 1447 r.
566 1386 742 1450 111-113
758 1385 946 1450 manifestum
962 1387 1083 1451 laniunt:
1104 1406 1200 1472 neque
1213 1390 1356 1472 ignaviam

186 1491 240 1565 illi,
260 1489 312 1572 nui
333 1490 432 1574 praello
447 1499 514 1552 ante
529 1499 588 1553 tam
607 1488 712 1553 eximia
729 1489 842 1553 virtutis
862 1491 993 1572 exempla
1016 1491 1159 1567 ediderat,
1185 1494 1357 1575 exprobrari

186 1593 321 1674 potuisse
341 1601 472 1674 apparet
522 1593 581 1655 Sed
602 1592 724 1656 iniuriae
747 1612 866 1676 quoqne
886 1593 963 1657 illius
983 1595 1239 1678 exprobrationem
1259 1596 1357 1660 minus

186 1705 285 1777 aptam
302 1697 363 1758 boc
376 1696 443 1757 loeo
457 1713 512 1758 nec
526 1695 598 1756 satis
619 1695 724 1758 iustam
747 1715 814 1758 esse
828 1696 969 1769 arbitron
989 1714 1058 1760 nam
1074 1699 1184 1761 sarcire
1202 1717 1266 1760 eam
1281 1700 1357 1779 elga-

187 1817 329 1861 memnon
346 1806 376 1860 ct
390 1797 557 1861 satisfacere
571 1798 652 1861 omni
669 1799 759 1862 modo
775 1798 876 1863 dcbilli
892 1810 1011 1882 paratus
1027 1801 1095 1874 luit,
1110 1810 1143 1864 ut
1158 1800 1264 1864 iustius
1280 1819 1360 1864 nunc

188 1901 275 1965 buius
295 1901 416 1974 iniuria,
442 1901 672 1965 satisfactionem
687 1902 873 1983 pertinaciter
891 1902 1072 1984 respuentis,
1098 1921 1186 1984 quarn
1202 1905 1358 1984 Agamem·

189 2005 276 2068 nonis
291 2005 405 2086 culpari
419 2005 556 2086 potuerit
602 2005 664 2068 Nisi
681 2006 825 2081 dicamus,
841 2007 1053 2088 huncquoque
1067 2015 1196 2087 poetam,
1212 2005 1312 2068 itidem
1327 2017 1360 2070 ut

190 2107 279 2180 illum,
296 2106 349 2190 qui
367 2106 438 2180 xtt
455 2107 495 2171 tt
508 2108 583 2182 lccit,
597 2108 634 2170 elo
646 2127 706 2190 spuo
721 2126 812 2190 supera
827 2107 936 2171 dictum
952 2117 1008 2180 est,
1024 2109 1254 2190 Agamemnonis
1265 2104 1360 2186 λιτὰς

190 2209 354 2291 ignorasse.
397 2211 428 2272 ld
444 2229 515 2273 sane
529 2211 602 2274 milri
618 2230 679 2274 non
695 2209 889 2292 improbabile
904 2210 1031 2285 ridetur,
1050 2219 1080 2274 et
1094 2213 1270 2274 conlirnaare
1284 2213 1359 2274 leanr

191 2313 392 2395 suspicionem
408 2313 494 2376 etiam
509 2333 535 2376 r.
556 2315 615 2376 115
631 2315 749 2396 poterit,
765 2304 840 2376 ἀλλ’
855 2303 1038 2393 ἀκεώμεθα
1052 2309 1198 2378 θᾶσσον·
1222 2303 1362 2376 deserni
1416 2389 1418 2396 .

191 2437 243 2480 ros
265 2412 386 2503 φρένες
408 2407 547 2494 ἐσθλῶν,
563 2417 589 2479 si
605 2417 722 2499 quidem
738 2417 812 2480 baec
823 2415 908 2480 rerba
923 2435 991 2479 cum
1007 2416 1120 2498 lleynio
1135 2416 1180 2478 sic
1190 2417 1360 2498 accipimus.

194 2532 225 2582 nt
249 2520 427 2603 placandum
447 2519 586 2583 achillem
606 2521 762 2603 Neptunus
788 2521 923 2596 stradeat,
949 2539 1076 2602 euntque
1101 2520 1272 2604 placabilem
1298 2520 1361 2584 lero

195 2624 354 2705 promittat.
385 2625 470 2701 Quod
486 2624 564 2688 enim
580 2625 626 2688 alii
641 2623 789 2706 designari
804 2624 906 2688 volunt
918 2624 1098 2688 Graeeontm
1115 2625 1250 2708 ipserum
1262 2624 1361 2707 segni-

150 2736 179 2786 ιι
196 2729 272 2805 tiam,
287 2749 379 2813 quarn
393 2729 546 2811 Neptunus
561 2730 796 2812 exprobraverat,
811 2728 1029 2811 corrigentium,
1046 2741 1079 2793 ut
1094 2719 1233 2793 ἀκεσταὶ
1248 2721 1364 2816 φρένες

194 2833 326 2898 ‹licautur
341 2831 430 2896 animi
446 2849 561 2908 eornm,
577 2834 627 2914 qui
647 2843 799 2916 peecatum
812 2855 828 2899 a
844 2853 877 2898 se
896 2853 963 2897 esse
977 2843 1141 2914 agnoscant
1156 2833 1245 2915 ithue
1259 2850 1361 2894 emen·

194 2936 260 3000 dare
274 2936 423 3010 studeant,
439 2935 507 2999 lieet
517 2952 579 2998 non
590 2935 717 2999 alienum
729 2937 765 3001 ab
777 2936 836 3000 ltoc
849 2946 997 3014 contextu,
1012 2955 1028 2998 a
1041 2935 1254 3000 consuetudine
1266 2944 1363 2997 nmen

195 3041 286 3118 graeci
306 3039 459 3104 sermonis
485 3039 646 3102 abhorrere
664 3040 788 3103 ridetur.
837 3039 903 3120 lpsa
924 3057 992 3102 sero
1017 3039 1063 3100 illa
1089 3039 1230 3119 segnitiae
1255 3055 1362 3119 expro-

197 3140 302 3218 bratio,
332 3145 473 3227 quodque
492 3146 595 3209 Graeci
615 3152 737 3226 propter
756 3141 891 3204 iniuriam
912 3140 1014 3204 babilli
1035 3142 1139 3205 iactam
1159 3139 1327 3205 abalienatio
1346 3161 1362 3205 a

198 3261 262 3323 rege
287 3245 397 3309 animis
425 3249 530 3310 lortem
557 3248 587 3310 in
606 3245 719 3330 proelio
734 3263 856 3326 operam
875 3252 1025 3326 praestare
1049 3242 1140 3316 nollo,
1167 3243 1219 3306 setl
1235 3244 1363 3308 volentes

199 3346 299 3411 redere
314 3357 346 3411 et
360 3349 443 3413 raedi
458 3370 474 3412 a
492 3349 628 3414 Troianis
642 3349 788 3421 dicuntur,
803 3355 921 3428 poetam
938 3345 1063 3428 prodere
1074 3345 1187 3408 vitietur
1200 3345 1236 3409 ab
1253 3367 1298 3420 eo,
1314 3347 1363 3428 qui

199 3447 286 3513 libros
302 3451 344 3513 ,b'l
358 3465 387 3514 et
401 3451 454 3515 llll
474 3451 553 3528 lecit,
575 3452 738 3515 diuersum:
759 3467 828 3511 nam
848 3448 873 3510 is
893 3457 971 3510 reste
985 3447 1022 3508 de
1041 3448 1096 3510 bae
1110 3447 1277 3511 animorum
1293 3449 1364 3512 aba·

200 3550 355 3616 lienatione
374 3564 402 3616 et
417 3546 623 3638 idsinauaip
642 3552 712 3615 nilril
733 3551 887 3632 significat.
902 3584 944 3597 -
960 3551 1055 3612 Versu
1070 3549 1129 3612 ttt
1153 3549 1290 3631 Neptuno
1313 3571 1364 3614 etc·

201 3656 289 3719 merit
316 3657 493 3718 idomeneus
518 3676 534 3720 a
561 3654 762 3720 commilitone
791 3653 906 3717 rediens
932 3652 1096 3726 vulnerato,
1128 3671 1214 3734 quem
1242 3652 1364 3715 medicis

200 3758 359 3821 curandum
382 3759 583 3834 mandarerat3
609 3758 675 3842 quis
693 3767 790 3820 atrum
811 3758 850 3821 sit
867 3757 914 3821 illo
934 3755 1094 3819 commilito
1116 3755 1266 3827 reticetur,
1286 3755 1364 3835 quod

200 3877 289 3937 gentas
309 3860 493 3936 reticentiae,
519 3862 633 3926 edamd
652 3860 796 3925 hocloco
815 3879 877 3925 non
897 3848 982 3942 aegre
1011 3859 1181 3931 terendum,
1206 3856 1366 3920 abliorrere

202 3972 295 4028 nmen
317 3964 431 4028 ridetur
451 3985 467 4028 a
486 3967 699 4031 consuetudine
713 3965 833 4028 llomeri
853 3965 882 4028 b.
898 3983 924 4028 e.
944 3963 1008 4025 eius
1028 3971 1145 4043 grontae,
1164 3960 1215 4042 qui
1230 3957 1366 4022 meliores

203 4064 293 4130 iliadis
314 4076 413 4151 psartes
433 4068 508 4133 lecit
523 4103 566 4118 -
581 4069 715 4152 [lenique
734 4067 812 4144 llll',
832 4069 882 4131 tt.
899 4067 940 4131 32
960 4085 1035 4149 quae
1054 4065 1091 4128 de
1109 4081 1196 4128 rnrrro
1218 4061 1367 4128 naualibus

206 4169 384 4235 druraardata
400 4169 547 4252 alienatur,
568 4174 637 4238 licet
654 4191 715 4236 non
737 4171 809 4237 satis
824 4171 994 4255 perspicua,
1011 4168 1157 4233 eiusmodi
1172 4177 1271 4232 tamen
1287 4177 1366 4240 sunt,

205 4282 237 4333 ut
250 4291 367 4337 murum
387 4275 467 4338 illum
487 4277 585 4342 statim
601 4276 667 4341 belli
683 4275 766 4340 initio
789 4275 912 4339 naribus
931 4272 1061 4357 prrimum
1081 4271 1111 4334 in
1130 4271 1212 4335 littus
1233 4270 1366 4334 deductis

206 4371 414 4439 rircumdatum
434 4377 512 4441 eretli
532 4377 720 4444 accessesit
765 4376 852 4454 Quod
872 4376 904 4466 si·
918 4375 956 4440 ita
971 4384 1031 4448 est,
1052 4374 1088 4438 ab
1107 4374 1163 4438 alio
1184 4381 1270 4455 poeta
1290 4369 1368 4435 banc

206 4486 312 4558 partem
334 4479 439 4542 laetam
456 4499 522 4544 esse
540 4491 674 4564 apparet,
694 4499 783 4564 quem
803 4477 854 4560 qui
874 4479 950 4543 libro
969 4477 1031 4542 lllll
1051 4495 1171 4565 murum
1197 4474 1278 4539 illum
1298 4483 1364 4538 ante
