3106 4958
181 733 256 797 exitu
270 731 423 795 dissentio.
467 730 560 795 Ceteri
575 741 673 796 autem
692 731 766 815 epici
781 751 870 814 quam
886 741 963 796 recte
978 741 1093 796 totum
1109 750 1255 814 ponere,
1271 731 1301 796 h.
1317 753 1343 796 e.

180 835 321 898 actionem
337 833 375 896 eb
391 831 474 897 initio
490 852 585 917 usque
599 835 636 898 ad
657 837 745 899 tinem
760 835 815 898 rite
829 834 971 899 deducere
986 833 1137 910 valuerint,
1152 835 1211 898 hoo
1225 835 1343 917 quidem

180 937 349 1000 Aristoteles
364 955 459 1019 neepm
474 937 510 1000 de
524 936 587 1000 aliis
602 937 788 1018 significavit,
802 957 896 1022 noque
911 939 947 1002 de
963 937 1013 1014 iis,
1028 957 1103 1020 quos
1118 948 1241 1020 propter
1254 957 1344 1018 argu·

180 1047 311 1102 mentum
332 1039 432 1102 minus
451 1039 600 1121 sapienter
618 1040 741 1105 electum
762 1042 895 1105 llomero
916 1041 1071 1123 opposuit,
1087 1041 1182 1104 Iliadis
1198 1059 1303 1123 parvae
1317 1050 1347 1104 et

179 1141 355 1224 Cypriomm
370 1143 474 1224 poetis.
508 1143 616 1226 Neque,
631 1144 710 1227 quod
725 1143 772 1207 ille
786 1145 911 1221 reticuit,
925 1143 1041 1209 aliunde
1055 1143 1142 1208 nobis
1158 1152 1345 1226 compertum

180 1255 238 1320 ost,
263 1245 499 1328 quandoquidem
526 1246 689 1310 carnotinum
716 1247 833 1312 illorum
859 1259 975 1332 praeter
999 1247 1177 1329 proncissirna
1202 1249 1345 1330 ‹piraedam

181 1353 341 1430 lragnmnta
355 1349 427 1414 uilrd
442 1360 585 1433 superest,
599 1350 770 1416 Proclianae
784 1362 883 1417 eutem
895 1353 1041 1435 epitomae
1054 1371 1116 1416 non
1131 1361 1227 1416 totum
1241 1371 1346 1415 eorum

180 1452 323 1516 ambitum
344 1453 526 1532 describunt,
550 1456 601 1518 sed
622 1469 671 1518 eas
692 1456 899 1520 tantummodo
919 1465 1032 1537 partes,
1057 1475 1131 1539 quae
1150 1464 1199 1518 aut
1213 1464 1347 1536 receptae

181 1567 263 1616 erant
277 1555 309 1617 in
324 1556 436 1636 cyclum
451 1557 488 1619 ab
502 1557 567 1621 eins
582 1559 797 1632 collectoribus,
811 1569 860 1622 aut
876 1559 1020 1640 pertinere
1035 1558 1142 1622 l’roclo
1157 1559 1194 1620 ad
1210 1556 1346 1621 indideris

182 1655 324 1720 lristoriae
339 1657 442 1720 orbern
462 1680 497 1723 ae
511 1661 735 1742 perpetuitatem
753 1661 932 1724 ridebantur.
978 1661 1093 1737 Quodsi
1113 1659 1346 1743 probabilitatem

181 1757 347 1840 sequimur,
366 1761 402 1822 do
416 1763 530 1842 Cypriis
550 1763 670 1845 quidem
689 1774 718 1827 et
737 1783 824 1845 piarem
838 1763 926 1827 lllade
939 1799 982 1810 -
997 1763 1028 1826 in
1044 1763 1090 1827 iris
1106 1763 1184 1826 enim
1205 1782 1286 1826 nune
1300 1781 1348 1824 me

181 1862 340 1925 continebo
355 1897 397 1910 -
412 1863 527 1928 diliicile
546 1877 592 1930 est
611 1867 647 1930 ad
663 1866 856 1941 credendum,
875 1865 993 1930 alterius
1008 1865 1149 1930 carminis
1164 1869 1262 1938 linem,
1277 1866 1347 1928 olte-

183 1965 244 2028 rius
259 1964 374 2028 initium
396 1965 506 2031 iustum
525 1988 560 2032 ac
578 1969 709 2034 debitum
732 1969 835 2045 luisse,
854 1969 964 2052 quippe
983 1989 1075 2052 quum
1094 1989 1214 2052 piamone
1230 1967 1348 2032 iliadem

182 2067 372 2130 confirmasse
387 2068 453 2132 irelli
470 2071 591 2136 Troiani
608 2072 759 2137 instoriam
776 2071 843 2134 inde
858 2070 894 2135 ab
908 2093 945 2134 eo
961 2081 1104 2155 tempore,
1119 2073 1149 2136 in
1164 2092 1224 2155 qno
1236 2071 1349 2135 aretini

182 2169 336 2252 letitiepis
356 2170 494 2250 desierat,
513 2177 617 2258 tippria
637 2194 741 2239 causas
761 2184 873 2239 tantum
889 2175 953 2239 letti
969 2185 998 2238 et
1011 2175 1266 2257 praeparationem
1286 2175 1349 2258 pri·

133 2283 164 2334 tu
188 2292 295 2355 remque
311 2283 455 2356 terrtpora,
475 2297 536 2342 non
555 2288 653 2342 autem
668 2279 777 2343 exitum
793 2281 944 2361 complexa
963 2299 1030 2342 osse
1049 2287 1173 2342 constet
1210 2279 1349 2342 Potuisse

26 2359 38 2384 “
184 2387 282 2440 tarrreu
298 2377 371 2452 lieri,
386 2391 419 2444 ut
434 2383 478 2444 rel
492 2382 536 2446 sic
549 2393 653 2465 poetae
665 2381 706 2444 illi
723 2391 837 2446 totum
852 2382 1029 2463 quoddam
1044 2383 1201 2458 edicerent,
1215 2382 1286 2445 nole
1302 2381 1349 2443 in·

183 2485 259 2548 litias
274 2484 532 2566 inuaderentque
548 2503 727 2567 magnopere
740 2492 770 2548 et
785 2486 942 2549 exosculor
961 2485 1203 2548 doctissimorum
1219 2483 1351 2548 sirenum

182 2588 308 2670 ingenia,
328 2589 392 2670 qui,
411 2607 471 2671 quo
491 2589 581 2652 niodo
601 2588 632 2651 id
651 2589 715 2665 lieri
734 2589 876 2670 potuerit,
896 2589 1066 2662 estendere,
1084 2587 1131 2651 alii
1146 2587 1237 2662 aliter,
1253 2587 1350 2649 conati
1443 2585 1444 2588 ’

183 2701 264 2756 suut.
294 2691 331 2755 Et
346 2691 383 2754 de
397 2690 510 2774 Cypriis
525 2691 660 2765 maximo,
676 2691 706 2754 in
722 2691 829 2773 quibus
845 2701 874 2754 et
886 2691 1057 2755 Proclianae
1070 2691 1217 2774 epitomae
1231 2689 1351 2754 uberms

183 2807 213 2860 et
233 2797 466 2878 iragnrcntorum
492 2814 635 2859 numerus
660 2795 759 2878 plures
786 2803 926 2878 tanqttam
951 2813 1041 2858 ansas
1065 2795 1103 2859 ad
1126 2793 1375 2859 coniectandum
1523 2795 1527 2804 '

184 2899 340 2984 praeirent,
360 2919 423 2964 nen
437 2899 502 2963 sine
515 2919 632 2964 summa
648 2899 795 2982 veluptate
809 2899 980 2963 huiusmodi
995 2899 1123 2981 pericula
1137 2897 1352 2979 contemplatus
1472 2881 1475 2888 ’

185 3023 266 3078 sunt,
282 3005 435 3086 fateorque
448 3002 530 3080 adeo,
545 3023 593 3066 rire
608 3003 705 3084 ipsum
721 3001 876 3083 aliquando
893 3021 986 3085 paene
1000 3000 1128 3064 illectum
1142 3021 1221 3077 esse,
1236 2999 1353 3082 utquid

186 3105 382 3176 coniectando
397 3107 521 3168 valerem
541 3105 702 3187 explerit-er:
722 3104 842 3167 subibat
860 3103 939 3167 eninr
959 3102 1043 3180 illud,
1062 3103 1243 3184 praefiscini,
1257 3096 1352 3166 ancir’

187 3208 223 3270 io
242 3227 300 3283 -3
319 3207 372 3270 aed
392 3207 527 3270 resecavi
546 3227 602 3281 rere,
627 3205 892 3286 abstinendumque
917 3205 1015 3287 putari
1041 3203 1211 3269 huiusmodi
1237 3205 1353 3270 lusibus

188 3309 305 3392 ingenii,
321 3328 398 3391 quos
409 3307 517 3390 aliqnid
532 3310 659 3372 tortasse
669 3307 781 3371 otiosae
795 3307 994 3371 delectationis
1010 3308 1126 3384 latere,
1140 3325 1245 3391 parum
1256 3317 1353 3372 autem

188 3413 334 3495 prodesse
348 3410 477 3476 viderem
491 3411 528 3474 ad
542 3409 670 3476 venulis
684 3409 895 3493 cognitionem.
