3092 4964
653 599 794 611 --·-...-
814 602 853 612 ι.-

170 697 339 782 Xeuophon
354 699 497 784 praeripit
510 701 621 766 oeeoa.
631 700 662 774 9,
672 699 703 762 8.
736 699 808 761 lteaa
824 701 957 763 uteuasdia
975 699 1178 784 depeaoemia,
1193 719 1269 782 quae
1282 718 1336 762 eo·

170 823 238 868 rnrn
266 805 397 887 metue
420 815 451 870 et
471 824 546 888 quae
562 803 658 868 rarius
677 811 866 884 ιιιιηιειιιιιι,
891 815 922 867 et
943 805 1013 868 haee
1039 804 1160 887 quidem
1189 824 1335 886 parocura·

171 907 285 972 toribus
294 911 378 990 (τοῖς
386 903 567 997 ἐφεστῶσι)
574 907 777 972 demandanda
786 927 863 980 esse,
873 907 930 990 ipsi
939 919 1037 972 autem
1044 909 1167 972 domino
1176 910 1335 973 morum

171 1013 473 1098 omniainapiea'mda,
486 1010 867 1094 ueignoretquidsuperait
880 1011 990 1093 etquid
1001 1012 1129 1074 Mida:
1143 1033 1235 1096 porro
1249 1014 1336 1077 aedes

171 1119 246 1182 etad
256 1137 356 1182 rerum
366 1117 531 1182 custodiam
542 1116 918 1180 etconaerrationemetad
929 1115 1085 1178 hominum
1096 1117 1335 1180 commoditatem

171 1232 201 1284 et
208 1221 409 1285 salubritatem
418 1229 731 1303 aptaaeaseoporteae,
739 1219 1051 1282 cellisetconclarihus
1058 1221 1335 1300 minueretuanlao-

171 1325 346 1407 minuatque
356 1323 455 1406 genesi
467 1323 707 1387 convenientibus
723 1323 893 1396 instructas,
909 1323 1026 1404 situque
1036 1322 1072 1384 ad
1082 1322 1277 1386 valetudinem
1288 1343 1335 1386 sa·

172 1427 511 1511 lubricohocataarquac
522 1427 623 1490 omnia
633 1424 1204 1508 parirmxeoopnomepraeetptmrar
1213 1426 1336 1508 cap.h,2

171 1551 254 1614 aqqe
273 1531 401 1614 denium
418 1531 573 1595 ianitorem
593 1549 713 1612 quoque
728 1523 909 1615 (θυρωρόν)
925 1529 1163 1592 constituendum
1179 1524 1266 1614 πρὸς
1277 1524 1334 1613 τῆν
1355 1543 1390 1593 τι

172 1627 412 1720 omppiorrair
422 1625 663 1722 riopepope'raov
676 1627 734 1696 arai
749 1625 988 1720 ἐκφερομένων,
1003 1634 1068 1696 he.
1082 1653 1120 1696 ne
1130 1632 1247 1695 fraudes
1256 1651 1337 1694 cora·

173 1737 329 1802 mittantur
341 1759 358 1802 a
373 1737 481 1800 familia
496 1739 572 1801 eirca
585 1755 635 1800 rea
649 1755 724 1818 crue
733 1735 778 1798 rel
791 1747 979 1817 reponuntur
993 1739 1023 1799 in
1037 1737 1161 1801 aedihus
1175 1736 1219 1798 rel
1233 1755 1339 1817 espre-

173 1851 307 1907 muntur:
323 1860 398 1924 quae
411 1841 511 1906 omnia
526 1849 681 1924 praccepta
691 1841 727 1904 ad
744 1860 866 1922 magnas
877 1842 970 1906 multo
982 1842 1076 1924 maps
1087 1861 1176 1924 quana
1186 1841 1224 1904 ad
1235 1859 1341 1922 parcas

174 1945 367 2011 oeconomias
383 1953 516 2028 spectare
530 1956 561 2008 et
574 1963 628 2008 sua
648 1953 757 2026 sponte
778 1955 901 2027 apparet
918 1955 949 2009 et
966 1946 1031 2028 ipse
1044 1945 1268 2028 Theophrastus
1287 1944 1342 2007 ad·

174 2059 284 2114 ιιιιιιιιι.
314 2048 367 2112 llio
382 2049 489 2112 dende
503 2047 604 2113 statim
620 2047 785 2128 subiungit:
801 2045 888 2132 πρὸς
901 2041 1097 2134 eippporior
1110 2043 1149 2112 δὲ
1162 2044 1287 2112 meede
1300 2043 1341 2111 ro*

173 2149 380 2218 Λακωνικὸν
394 2152 469 2232 (scil.
483 2143 649 2238 χρήσιμόν
660 2144 763 2229 icari·
776 2147 836 2237 χρῆ
852 2147 915 2235 peip
929 2143 965 2214 ἲν
979 2145 1120 2215 ἕκαστον
1133 2145 1223 2237 εἰιτῇ
1243 2143 1345 2215 αἰτοῖ·

173 2249 266 2346 χώρᾳ
280 2257 435 2321 κεῖσθαι·
456 2247 542 2319 οἷ’τω
557 2250 619 2340 γὰρ
634 2245 676 2318 ἂν
691 2249 827 2335 ἕτοιμον
840 2245 879 2318 de
894 2247 933 2318 oi
945 2251 1091 2340 §proicer
1104 2255 1212 2339 quihus
1226 2255 1344 2335 gemina

175 2370 247 2426 sunt
264 2381 339 2445 quae
353 2359 566 2425 Ischomachus
585 2358 669 2422 uxori
690 2359 831 2441 praecpit
850 2359 928 2441 apud
943 2359 1171 2442 Xenophontem
1191 2377 1256 2441 rap.
1270 2360 1302 2434 8,
1315 2361 1345 2422 2

176 2465 206 2528 3.
223 2464 274 2527 20.
303 2465 490 2528 Manifestum
505 2474 552 2527 est
565 2473 662 2526 autem
677 2462 737 2526 hoo
750 2481 870 2544 quoqne
883 2463 919 2526 ad
936 2463 1073 2546 copiosas
1094 2463 1194 2545 potius
1213 2474 1243 2526 et
1259 2463 1344 2528 locu·

176 2568 269 2650 pletea
284 2566 393 2631 domos
407 2586 496 2648 quam
511 2567 549 2632 ad
564 2586 683 2648 μιιιιιιι
699 2575 728 2630 et
742 2576 895 2646 angustam
911 2587 974 2629 rem
996 2567 1165 2629 familiarem
1185 2567 1343 2647 pertinere,

176 2670 213 2733 ad
229 2669 347 2732 modern
362 2668 464 2750 igitur,
478 2671 516 2734 ad
531 2689 605 2753 quas
620 2671 707 2732 etiam
721 2668 837 2733 Persica
852 2669 1066 2733 administratio
1082 2668 1235 2750 pertinuit,
1250 2669 1298 2732 cui
1314 2671 1343 2732 in

176 2772 380 2854 snpeaion'hus
399 2773 567 2836 adiunctam
588 2772 716 2837 vidimus
736 2773 908 2836 laconicam
930 2768 1030 2856 (πρὸς
1049 2767 1088 2835 δὲ
1105 2767 1255 2857 apr-loeis
1271 2773 1345 2848 τοῖς

175 2895 214 2938 rr
226 2875 408 2960 Περσικοῖς
422 2869 582 2963 συμφέρει
597 2871 748 2961 χρῆσθαι
763 2869 820 2938 καὶ
834 2877 907 2952 τοῖς
919 2876 1157 2952 Λακωνικοῖς),
1173 2875 1343 2957 oppositam

178 2963 248 3042 roro
262 2979 388 3043 Atticam
403 2979 699 3054 administrationem,
715 2999 870 3062 pomarum
886 2979 962 3043 illam
978 2979 1132 3054 domuum,
1146 2990 1176 3042 et
1190 2979 1221 3042 in
1236 2979 1344 3062 quihus

177 3084 225 3146 vix
240 3101 319 3165 opus
333 3083 373 3147 sit
385 3075 530 3170 ταμιείῳ
545 3093 575 3147 et
589 3083 771 3148 accuratiore
784 3083 917 3148 custodia
936 3093 967 3147 et
984 3083 1189 3167 dispositione.
1219 3085 1255 3147 Ει
1274 3104 1345 3147 sane

177 3186 314 3264 Athenis,
336 3187 534 3270 Theophrasti
552 3187 726 3269 praesertim
747 3197 853 3262 aetate,
873 3207 1038 3272 perpaucos
1060 3187 1165 3250 risisse
1188 3187 1292 3251 divites
1316 3195 1346 3250 et

178 3291 351 3374 opulentos,
365 3289 523 3375 plerosque
538 3308 684 3373 pauperes
699 3301 728 3354 et
742 3289 771 3355 in
787 3290 866 3355 terrori
880 3309 913 3355 re
928 3291 1074 3368 familiari,
1089 3309 1178 3355 nomo
1193 3290 1345 3363 dubitabit,

177 3413 239 3459 non
255 3394 350 3476 magis
364 3412 452 3477 quam
473 3394 550 3476 apud
567 3395 672 3458 l‘ersas
692 3393 826 3474 ingentes
846 3393 937 3459 fuisso
955 3395 1115 3458 multorum
1135 3393 1259 3458 diritius.
1288 3395 1347 3458 Sed

177 3497 426 3562 lacedaemonios
435 3496 856 3581 pauperesfuissoaccepimna
871 3508 901 3562 et
915 3498 1123 3564 inuniversum
1134 3519 1151 3562 a
1162 3498 1347 3580 diligentiore

178 3600 304 3684 quadam
320 3599 363 3664 roi
379 3598 528 3664 familiaris
543 3619 613 3664 cura
628 3599 739 3680 legibus
754 3610 784 3664 et
798 3603 931 3666 roorihus
945 3601 1073 3678 alienos,
1088 3613 1121 3666 ut
1136 3602 1253 3666 orireris
1268 3603 1346 3685 apud

178 3705 236 3770 laos
251 3703 417 3768 custodiam
433 3710 463 3766 ot
478 3701 705 3785 dispositionem
721 3723 820 3766 rorum
836 3705 950 3788 aragois
965 3706 1060 3788 copiis
1080 3705 1347 3778 accommodatam,

178 3828 253 3892 quae
267 3817 406 3890 unquam
423 3815 527 3869 notum
543 3815 571 3867 ot
587 3805 699 3868 ihustre
714 3807 881 3890 exemplum
901 3807 937 3871 ad
958 3808 1132 3872 imitandum
1154 3807 1298 3891 proponi,
1317 3817 1346 3870 et

177 3931 245 3977 mam
261 3911 379 3975 Persica
394 3907 647 3973 administratione
661 3909 799 3989 coniungi
814 3909 954 3990 potuerit
979 3911 1077 3974 -llnius
1097 3909 1140 3974 rei
1159 3909 1347 3992 explicandae

178 4017 252 4081 duas
271 4015 332 4078 vias
351 4033 418 4077 esso
438 4012 537 4076 rideo:
558 4012 692 4088 alteram,
712 4021 745 4076 ut
763 4013 896 4074 dicamus
916 4029 978 4074 non
998 4013 1176 4095 priuatarum
1201 4013 1345 4076 domuum

178 4117 464 4184 administrationem
481 4135 497 4180 a
511 4115 719 4198 Theophrasto
734 4113 856 4198 respici,
875 4115 927 4178 sed
942 4115 1106 4196 pnhhcaor,
1120 4115 1231 4198 quippe
1245 4135 1347 4198 quum,

178 4233 212 4289 ιιι
225 4219 399 4288 Schneideri
419 4217 515 4284 verhir
535 4229 614 4297 utar,
633 4219 725 4303 prael.
744 4219 780 4284 ad
801 4217 946 4302 dnonpmi
966 4217 1078 4284 Oecon.
1095 4239 1124 4303 p.
1140 4217 1213 4298 ΧΠ,
1232 4241 1346 4304 ,quae-

178 4347 298 4412 cunque
317 4326 355 4392 ad
374 4323 480 4389 civium
501 4322 634 4388 omnium
651 4323 817 4388 convictum
837 4323 988 4407 puhlicnm
1009 4332 1095 4389 eram
1110 4325 1292 4403 necumria,
1309 4326 1347 4390 ad

178 4452 310 4500 annuum
320 4449 408 4496 nsum
422 4437 451 4494 et
460 4429 600 4493 diurnum
610 4428 784 4512 promenda,
800 4439 985 4492 remorentur
999 4429 1128 4512 reposita
1143 4429 1174 4493 in
1188 4431 1305 4496 horreis
1318 4441 1348 4495 et

143 4535 331 4601 *enen
345 4531 476 4616 anagnis,
497 4551 626 4614 quorum
642 4531 776 4595 custodia
789 4539 852 4594 erat
864 4549 957 4612 pones
972 4551 1091 4607 servos,
1111 4553 1182 4599 cura
1200 4545 1232 4598 et
1244 4535 1347 4619 iuspe-
