3092 4964
230 673 344 760 protasi
359 672 501 757 apodosis
516 689 579 734 sua.
623 667 696 734 Nam
709 671 842 755 sequitur
856 669 926 735 nihii
941 669 996 734 nisi
1012 671 1083 734 troes
1104 663 1280 754 πεόάομαι
1304 661 1396 736 δ’άνά

230 770 390 862 όμμάτων
403 771 518 841 νόστον
532 765 741 860 αάτόμαρτυς
755 765 816 853 ὤν,
831 773 911 858 queri
927 793 982 858 pre
993 773 1119 856 apodesi
1134 773 1251 839 iliorum
1264 777 1395 861 accipere.

228 903 318 949 nemo
333 900 425 948 sanus
440 881 525 946 rotet.
555 880 643 944 ltectc
657 877 747 960 igitur
764 879 952 943 normannus
973 877 1041 942 iilud
1059 871 1176 964 χρόνος
1198 870 1307 945 ri’e'rrei
1325 899 1394 945 cor·

227 997 348 1071 ruptum
362 1007 429 1051 esse
444 983 597 1058 intellexit,
612 984 803 1066 reposuitque
820 973 935 1065 χρόνος
956 975 995 1047 (λε’
1016 1002 1080 1047 rer.
1124 983 1204 1058 iios,
1219 993 1253 1048 ut
1266 984 1394 1048 maxime

227 1091 394 1177 probabile,
420 1089 596 1174 accipimus:
622 1087 804 1169 reliquorum
827 1085 1010 1160 emendatio,
1031 1105 1105 1170 quae
1124 1085 1224 1151 miuus
1250 1105 1394 1170 prospere

226 1195 289 1260 rire
304 1215 424 1261 summo
439 1193 599 1264 suecessit,
614 1189 700 1254 notris
716 1189 759 1253 sic
773 1190 952 1271 perficientia
967 1210 1034 1255 esse
1047 1191 1169 1268 ridetur,
1182 1197 1216 1255 ut
1229 1191 1393 1256 scribamus

429 1291 546 1384 χρόνος
568 1289 608 1362 όό
627 1314 682 1359 τοι
705 1285 919 1381 πρυμνησίων
940 1289 1155 1378 ξινεμβολαῖς

428 1397 589 1486 ψαμμιάν
609 1389 740 1462 άκάτων
761 1391 965 1486 παρήβησεν,
988 1383 1082 1462 οἷσθ’
1104 1391 1162 1463 ὑπ’
1183 1390 1287 1464 Ἴλιον
1418 1429 1421 1436 ·

428 1493 515 1591 ὦρτο
537 1494 703 1586 ναυβάτας
724 1496 873 1589 στρατός.

224 1607 353 1673 ttcrlrum
373 1604 610 1696 παρηβᾶνλίοσι
624 1606 798 1670 insolentius
813 1624 875 1671 non
890 1615 988 1670 tamen
1007 1605 1199 1670 incommode
1213 1615 1390 1688 usurpatum

224 1723 270 1778 est
283 1712 321 1777 rie
336 1723 469 1795 tempere
483 1712 568 1796 quasi
583 1713 766 1776 exolescente
779 1720 867 1796 atquc
883 1719 1124 1777 consenescente.
1158 1709 1232 1773 Nam
1248 1711 1390 1791 quemad·

224 1817 348 1881 metium
367 1826 397 1880 et
416 1811 481 1896 ζάν
497 1808 615 1901 χρόνος
629 1817 735 1882 dicitur
755 1827 785 1882 ct
803 1810 989 1904 γηράσκων,
1012 1813 1107 1898 Soph.
1127 1812 1233 1878 Traeis.
1252 1832 1279 1876 r.
1298 1812 1389 1876 1159.

223 1921 330 1984 sset.
345 1919 446 1984 Prona.
463 1939 488 1982 ν.
504 1921 577 1984 985.
621 1921 708 1986 Eum.
727 1940 753 1983 r.
774 1921 852 1996 28³,
873 1919 974 2002 quirini
994 1917 1080 1983 etium
1097 1907 1267 1997 ἀκμάζων,
1290 1907 1390 2001 ἡβῶν,

224 2016 446 2107 παρηβόσαςλ
476 2021 555 2084 Bello
574 2021 704 2086 Troiano
724 2031 843 2104 tempus
865 2040 953 2085 suurn
974 2020 1027 2083 tuit
1041 2018 1106 2082 tatis
1125 2019 1318 2082 destinatum:
1333 2018 1389 2080 its·

224 2143 280 2206 que
296 2125 350 2187 tutr
365 2124 423 2188 troc
437 2132 555 2206 tempus
569 2121 645 2188 irrito
661 2125 745 2206 quasi
760 2125 962 2206 congenitum,
976 2132 1011 2186 ut
1019 2121 1184 2204 συγγενεῖς
1197 2117 1297 2205 μῆνες
1310 2121 1387 2202 apud

225 2223 406 2307 Sophoclem
422 2225 572 2298 dicuntur,
594 2225 632 2288 rlc
651 2225 759 2307 quibus
781 2225 997 2307 supradictum
1024 2231 1083 2297 est,
1102 2231 1133 2285 et
1154 2239 1210 2286 nna
1230 2241 1298 2285 cum
1313 2221 1388 2284 truite

223 2335 343 2408 ternpus
364 2344 482 2409 quoque
502 2335 564 2390 turn
580 2325 671 2406 riguit
693 2336 754 2388 tuur
771 2325 928 2389 consenuit
943 2335 1030 2408 etque
1045 2323 1176 2388 exolevit
1220 2323 1263 2386 Ari
1279 2322 1386 2386 betium

223 2428 345 2510 eiusque
359 2446 518 2492 aerumnas
545 2427 751 2510 signiticumlas
770 2427 980 2508 percommode
999 2435 1202 2491 memorantur
1219 2425 1336 2489 navium
1357 2425 1388 2488 in

222 2529 320 2592 littore
333 2529 488 2593 stationes:
504 2529 558 2593 iras
572 2529 665 2604 enim,
681 2539 712 2592 ut
724 2531 849 2594 maxime
859 2548 1063 2604 aerumnosas,
1076 2530 1164 2592 etiarn
1177 2529 1301 2592 nuntius
1312 2547 1387 2592 corr·

222 2643 345 2715 questus
359 2642 420 2694 erat
434 2651 461 2694 r.
477 2631 539 2695 53³
555 2651 620 2714 sqq.
660 2632 804 2696 Dicuntur
829 2641 926 2695 sutem
952 2633 1006 2697 bae
1027 2632 1168 2696 stationes
1187 2625 1386 2713 ξυνεμβολαὶ

221 2727 436 2820 πρυμνησίων
455 2731 616 2820 ψαμμνάν
637 2724 779 2813 άκάτων,
802 2735 940 2816 quoniam
960 2732 1121 2798 subductae
1144 2734 1174 2798 in
1193 2734 1300 2796 titteris
1320 2751 1386 2796 are·

221 2857 290 2902 nam
306 2856 394 2901 nares
408 2837 507 2900 eiectis
521 2837 689 2901 retinaculis
703 2837 871 2917 religantur.
899 2836 973 2900 Nam
988 2837 1239 2920 quemadmodum
1259 2836 1341 2898 Pers.
1358 2855 1384 2900 r.
1415 2907 1417 2912 ¹

221 2939 280 3004 ³91
298 2932 416 3025 κάπης
437 2933 618 3024 ξονεμβολή
640 2939 676 3002 de
697 2939 787 3003 remis
808 2939 927 3016 dicitur,
947 2941 997 3022 qui
1016 2940 1099 3003 multi
1119 2939 1208 3003 simui
1228 2939 1258 3002 in
1278 2957 1383 3020 aquarn

220 3041 368 3117 incidunt,
383 3042 427 3104 sic
440 3041 527 3103 ctiam
544 3032 756 3125 πρυμνησίων
777 3033 975 3121 ξυνεμβολαί
996 3049 1073 3106 recte
1092 3040 1147 3103 dici
1168 3041 1264 3121 potuit
1282 3042 1319 3104 ue
1334 3059 1382 3102 re·

221 3143 355 3207 tinacutis
370 3141 527 3204 muitarum
543 3141 660 3204 nauium
677 3141 764 3204 simui
780 3141 809 3202 in
824 3141 905 3203 littus
920 3141 1059 3204 coniectis
1074 3140 1171 3223 ibique
1179 3141 1300 3222 alligatis
1315 3140 1344 3202 ir.
1357 3159 1383 3201 ο.

221 3242 423 3306 dementatum
432 3242 549 3305 narium
558 3241 684 3304 statione
693 3240 1040 3323 intittore:quamobrem
1048 3243 1075 3306 J.
1084 3243 1118 3306 G.
1127 3242 1298 3306 Schneideri
1310 3259 1383 3306 eon·

221 3344 362 3408 iecturam
383 3343 414 3406 in
433 3343 486 3405 ter.
507 3361 550 3424 gr.
570 3342 756 3424 propositam
783 3345 912 3425 recipere
931 3363 993 3408 non
1012 3345 1150 3409 dubitari.
1185 3344 1259 3408 Cum
1284 3345 1382 3408 datiro

221 3464 308 3520 casu,
323 3439 545 3525 ξυνεμβολαῖς,
567 3445 748 3508 construitur
762 3445 830 3509 iituet
844 3441 962 3528 χρόνος
976 3441 1151 3533 παρήβησε
1164 3448 1269 3512 codem
1281 3449 1383 3522 morio,

220 3567 281 3631 quo
296 3547 375 3629 apud
389 3545 492 3627 Enrip.
508 3545 571 3608 ion.
587 3565 613 3607 r.
629 3545 706 3608 353:
720 3543 837 3630 χρόνος
859 3543 898 3612 rio*
919 3543 972 3625 τίς
985 3545 1032 3633 rqi
1048 3545 1152 3613 πανόὶ
1168 3545 1383 3636 διαπεπραγ-

218 3645 325 3734 μένῳς
346 3655 396 3710 aut
410 3649 488 3729 apuri
504 3647 613 3712 tieret.
628 3647 663 3722 n,
683 3649 755 3710 tat:
771 3644 887 3733 χρόνον
907 3643 1106 3734 ἐγγενέσθαι
1127 3646 1313 3739 τριβομένην
1334 3650 1383 3738 τηῑ

219 3746 304 3836 λαῷ,
327 3750 438 3832 aliaque
463 3748 569 3812 similia
594 3769 641 3832 ap.
669 3751 765 3814 Vaicir.
785 3751 821 3815 mi
841 3751 949 3816 iictori.
970 3753 1009 3828 ii,
1025 3753 1055 3816 2.
1070 3788 1114 3800 —
1127 3745 1284 3833 Ἀκάτας,
1301 3755 1382 3838 quod

220 3853 338 3916 codices
363 3851 485 3926 namur,
510 3851 685 3915 mutandum
705 3852 760 3916 tuit
780 3853 810 3916 in
830 3845 975 3942 άκάτων,
1001 3855 1107 3938 partim
1134 3857 1214 3938 quod
1233 3857 1279 3920 itia
1294 3858 1383 3920 altera

220 3956 316 4018 torma
336 3953 467 4017 neminis
481 3971 587 4035 parum
606 3953 787 4018 auctoritatis
807 3953 906 4030 habet,
926 3957 1031 4038 partim
1056 3957 1143 4020 ctiam
1163 3958 1243 4040 quod
1262 3958 1381 4040 pluralis

220 4073 362 4118 eumenus
377 4055 474 4138 aptior
487 4055 624 4120 hocloco
644 4074 733 4138 quam
748 4055 904 4136 singularis
924 4065 971 4120 est
991 4075 1083 4139 quum
1104 4058 1140 4123 rte
1159 4055 1382 4143 ξυνεμβολαῖς,

221 4157 385 4220 coniunctis
409 4158 569 4222 multorum
595 4159 710 4222 tunium
728 4157 932 4233 sectionibus,
957 4160 1116 4225 multarum
1141 4161 1238 4246 itaque
1263 4163 1380 4227 narium

221 4260 396 4324 stationibus
416 4279 514 4323 sermo
534 4263 581 4325 sit
623 4261 662 4325 Et
680 4269 801 4342 apparet
819 4259 920 4336 etiarn,
938 4263 1091 4342 quomodo
1110 4265 1199 4330 altera
1218 4266 1314 4329 torma
1334 4265 1381 4329 in-

220 4369 303 4424 recta
316 4359 365 4423 sit.
393 4359 467 4424 ttam
481 4361 508 4424 si
521 4365 558 4426 ab
572 4363 715 4444 Aeselqto
729 4357 890 4444 ψαμμνάν
903 4361 1062 4445 scriptum,
1082 4365 1111 4430 irl
1126 4377 1224 4431 nutem
1239 4366 1270 4430 in
1284 4375 1381 4453 ψαμ-

218 4451 301 4543 μίας
321 4469 494 4541 eorruptum
507 4461 574 4538 retr,
588 4472 819 4527 cousentaneum
838 4462 893 4526 tuit
906 4463 992 4528 etiam
1008 4455 1137 4545 άκάτας
1155 4468 1226 4533 huic
1238 4467 1379 4532 adiectiro
