3106 4958
770 401 812 469 68

215 595 330 678 quidem
344 593 400 656 iste
420 593 455 655 avl
471 591 647 672 singularem
660 610 818 655 nanterum
833 611 851 654 a
865 591 969 673 plurali
985 591 1138 668 transitus,
1152 603 1186 658 ut
1207 590 1374 660 πλανᾶται

214 698 326 759 dicatur
338 706 367 758 et
382 687 557 779 παρήορος,
580 713 671 775 quum
687 705 771 758 antea
788 695 828 756 sit
845 685 1376 783 ἄνδρας-κειμένους-βεβηκότας-

213 791 359 876 invicte,
381 815 443 860 non
458 795 547 859 babet
561 797 639 878 quovl
656 797 785 878 peritum
798 797 939 859 lectorem
954 797 1092 874 oliemlat,
1107 807 1137 861 et
1151 807 1196 862 eat
1210 800 1299 862 multa
1311 799 1375 862 eiua

212 900 342 983 exevvvpla
362 901 482 964 collecta
502 899 623 962 suntab
638 899 808 963 lleinelorlvo
830 899 867 962 ad
881 899 997 962 l'laton.
1025 900 1113 982 Gorg.
1141 902 1227 978 t'lb.
1258 901 1375 983 Protag.

212 1005 303 1080 338.
346 1002 474 1082 lleieigio
495 1001 623 1065 Coniect.
655 1001 854 1083 1οΑήιιορ11.
882 1021 911 1083 p.
936 1002 1009 1076 153,
1030 1002 1202 1067 Hermanno
1222 1003 1258 1068 ad
1279 1004 1375 1084 Vigor.

211 1126 241 1188 p.
256 1106 334 1182 9343
348 1116 475 1170 attamen
487 1105 574 1168 nobie
590 1105 710 1188 quidem
725 1103 823 1187 paullo
839 1104 1015 1170 concinnior
1034 1106 1129 1170 oratio
1150 1107 1274 1171 existere
1292 1106 1374 1170 vidc-

212 1219 268 1286 tur,
282 1209 482 1274 siscribamus
951 1221 952 1224 ’

353 1309 411 1376 καὶ
432 1305 510 1394 βίου
529 1305 636 1398 χρήμρ
659 1305 785 1375 πλάναι
807 1306 922 1375 τεκαὶ
944 1305 1020 1390 νόος
1041 1307 1220 1401 παρήορος,

212 1429 244 1480 ut
258 1427 353 1500 poma,
366 1427 560 1500 posteaquam
576 1416 651 1479 mala
666 1415 756 1480 multa
770 1415 906 1480 univerae
921 1416 1103 1498 significavit,
1114 1417 1171 1481 ianr
1184 1417 1298 1498 singula
1309 1435 1375 1480 ma·

213 1520 306 1584 lorum
322 1539 427 1600 genera
443 1519 569 1583 nvaxivuc
583 1519 708 1600 insignia
723 1529 952 1594 commemoret,
967 1539 1092 1602 eamque
1111 1519 1374 1584 commemoratio·

212 1643 280 1686 uem
305 1623 442 1704 avliungat
467 1642 521 1706 per
547 1622 740 1704 copulativam
767 1623 951 1705 particulam,
977 1623 1058 1706 quod
1084 1622 1204 1706 quidem
1230 1617 1375 1707 σονήθας

212 1723 320 1812 οχήμα
341 1747 358 1790 a
377 1727 526 1790 Strabone
547 1726 655 1790 elicitur
668 1725 716 1788 lib.
732 1726 745 1789 l
760 1728 860 1809 capt
881 1749 910 1811 p.
927 1727 968 1792 63
986 1727 1131 1804 Taurino,
1146 1726 1296 1807 multaque
1310 1723 1373 1788 eiua

212 1829 325 1908 generis
340 1832 471 1913 ernrvvpla
484 1841 513 1894 et
526 1829 683 1894 llcmevica
697 1849 713 1892 a
728 1829 890 1906 Strabone,
910 1840 939 1894 ct
952 1830 1077 1894 aliorum
1097 1829 1134 1893 ab
1148 1829 1213 1893 aliis
1234 1838 1374 1911 coogeeu

213 1944 296 2008 vunt,
322 1953 449 2016 quorum
472 1933 631 1998 nonnullos
651 1933 805 1997 citavimus
821 1933 856 1996 avl
880 1934 995 1997 leucum
1016 1952 1045 2016 p.
1070 1933 1139 1998 185.
1183 1925 1317 1996 Πλάναι
1336 1951 1374 1995 re

214 2056 280 2100 cum
305 2033 475 2101 πλανᾶται
504 2057 591 2119 qnam
617 2035 698 2100 tacllc
723 2055 739 2100 a
765 2035 890 2101 librariis
917 2037 1074 2119 permutari
1100 2036 1231 2118 potuerit
1255 2033 1374 2099 cuilibet

213 2150 347 2223 apparot,
366 2133 439 2216 νόος
459 2151 557 2204 autem
577 2131 746 2225 παρήορος
764 2159 826 2203 non
843 2139 943 2203 ovinus
957 2147 1037 2204 recte
1052 2139 1167 2216 dicitur,
1181 2159 1270 2222 quam
1294 2129 1374 2226 ἀνήρ

215 2235 382 2329 παρήορος
403 2237 493 2320 νόον,
517 2243 545 2306 iel
566 2244 647 2325 quovl
661 2242 706 2304 vel
726 2241 794 2306 illud
809 2243 974 2306 aretvuocbi
993 2244 1028 2306 lr.
1048 2241 1139 2306 Lxxt
1159 2263 1189 2325 p.
1208 2245 1269 2307 176
1291 2242 1372 2306 Lieb.

214 2345 400 2410 vnanilcatunr
415 2346 496 2410 lacit:
517 2338 569 2423 τίς
587 2341 649 2422 σας
671 2339 834 2431 παρήιιρι
855 2339 985 2432 φρένας.
1036 2347 1120 2408 Conl.
1147 2355 1177 2408 et
1202 2341 1374 2430 παρήορον

213 2439 304 2531 ὄμμα
322 2450 401 2532 apud
420 2449 614 2532 'l'rpplvioclon
630 2469 656 2512 v.
669 2449 745 2524 373,
767 2459 797 2512 et
815 2449 868 2512 alia
883 2449 969 2513 levius
988 2447 1120 2512 adiectivi
1143 2449 1276 2533 exempla
1295 2449 1374 2531 apud

212 2551 322 2616 lacoba.
346 2553 511 2617 adlntlvol.
531 2552 553 2626 1,
577 2551 770 2634 1ρ.160.11,
791 2553 805 2614 1
822 2572 852 2635 p.
872 2551 934 2616 342
954 2561 983 2615 et
1001 2550 1168 2616 lllomlicld.
1182 2553 1218 2617 ad
1238 2553 1372 2637 Aeacbyl

212 2656 312 2721 Prom.
326 2675 354 2720 v.
369 2657 431 2721 333
447 2656 545 2736 (371).
1437 2713 1439 2718 .

180 2765 196 2816 ⁵
295 2760 506 2842 Progrelivnur
532 2757 569 2821 avl
597 2758 780 2834 Alemonam,
812 2757 897 2824 cuiue
925 2759 1041 2842 insigne
1069 2763 1267 2842 fragmentum
1297 2769 1376 2824 extat
1481 2777 1482 2782 ¹

208 2868 285 2950 apud
324 2863 512 2948 Apollonium
545 2863 614 2926 Lex.
649 2861 737 2926 llom.
771 2883 801 2946 p.
836 2864 898 2926 407
939 2863 1030 2940 Tell,
1072 2865 1151 2946 apuvl
1184 2863 1374 2930 Welclterum

375 3063 540 3136 Εῧδονσιν
562 3058 693 3152 ὀόρέων
714 3064 918 3157 κορυφαῖοι
939 3064 998 3132 καὶ
1020 3061 1196 3156 φάραγγες,

455 3169 583 3259 πρῶνές
603 3191 639 3236 re
661 3167 720 3236 καὶ
739 3165 916 3256 χαράδραι,

376 3274 465 3369 φῦλά
485 3297 523 3342 re
545 3269 670 3360 i'prraro
690 3266 814 3340 θ’ὅσσα
834 3269 949 3364 τρέφει
970 3271 1113 3359 μέλαινα
1135 3278 1224 3362 μαῖα,

458 3373 559 3468 θῆρές
578 3369 612 3444 τ’
629 3369 788 3466 ὀρεσκῷοι
808 3375 866 3443 καὶ
882 3375 975 3463 γένος
994 3375 1171 3462 μελισσῶν,

375 3483 432 3552 καὶ
454 3475 595 3550 κνώδαλ’
614 3478 649 3547 ἐν
669 3477 831 3564 βένθεσσι
853 3478 1030 3570 πορφυρᾶς
1052 3477 1141 3559 ἁλός.
1299 3473 1302 3480 ’

296 3591 376 3654 llaoe
389 3589 488 3654 onvnia
504 3585 672 3670 planissima
687 3595 718 3648 et
731 3585 900 3668 incorrupta
915 3595 995 3661 eunt,
1011 3585 1069 3648 nisi
1089 3586 1170 3666 quod
1185 3605 1272 3650 versu
1287 3591 1372 3654 tertio

213 3692 320 3774 aliquivl
348 3693 496 3757 turbatum
526 3709 593 3752 cave
617 3687 815 3771 suspicemur.
860 3688 1004 3752 Welelveri
1035 3687 1155 3771 quidem
1185 3691 1371 3767 sententiam,

213 3790 302 3880 ‹pt-td
322 3814 359 3858 re
379 3785 503 3878 l'pvraroi
523 3810 560 3855 τε
584 3809 640 3873 pro
659 3787 749 3878 φῦλα
770 3783 919 3878 ἑρπέτων
940 3791 1120 3874 accipientia,
1142 3792 1269 3855 latemur
1283 3791 1371 3855 nobie

214 3899 370 3962 obscuram
380 3915 462 3966 eveo:
478 3893 660 3978 nequeenim
671 3903 803 3977 apparet,
815 3894 885 3976 quid
896 3894 965 3959 illuvl
978 3895 1102 3960 alterurn
1113 3887 1152 3958 ιε’
1166 3902 1236 3976 post
1250 3885 1373 3978 ἔρππα

214 3999 374 4080 ιίμιίίὶοοισ
388 3999 519 4063 voluerit.
564 3997 603 4062 Ut
617 4014 698 4061 nunc
711 4015 817 4061 versuo
827 3997 956 4080 scriptus
971 4007 1025 4076 est,
1039 4015 1101 4060 non
1115 4005 1215 4079 potest
1235 3995 1373 4080 explicari

216 4101 271 4163 nisi
284 4101 335 4176 cic,
346 4112 379 4164 ut
391 4099 479 4188 quta
500 4099 669 4166 univercum
685 4118 778 4182 genua
793 4101 986 4166 animantium
1001 4101 1166 4184 significare
1180 4100 1271 4178 dican,
1292 4101 1373 4182 quod

216 4219 268 4285 per
294 4197 332 4266 τέ
359 4203 528 4285 particulam
557 4222 625 4267 cum
640 4203 692 4278 iis,
721 4221 795 4285 quae
819 4203 904 4286 priua
919 4214 1150 4270 commemorata
1168 4213 1249 4280 cont,
1270 4194 1374 4288 ὀρέων

158 4311 160 4316 ’
213 4298 365 4392 κορυφαί,
387 4299 566 4392 φάραγγας,
588 4301 729 4392 πρῶνες,
749 4298 930 4392 χαράδραι,
953 4309 1164 4392 coniungatur,
1184 4305 1252 4370 dein
1273 4314 1372 4370 autern

213 4425 316 4475 rorvuv
330 4407 361 4473 io
374 4417 474 4497 parter
488 4426 557 4472 ιιαι
568 4407 760 4494 obpencatur,
774 4429 900 4496 quuum
918 4413 1015 4500 primo
1032 4415 1093 4480 aiut
1112 4405 1257 4500 ἕρππα,
1282 4407 1372 4476 altera
