3106 4958
8 4423 33 4528 l

726 417 763 479 'll

649 503 846 516 —fi-—s-

173 604 243 669 107.
259 605 295 670 ud
311 605 404 689 Soplr.
419 607 524 672 Eleotr.
540 626 565 670 υ.
581 607 632 669 tt.
649 606 685 670 ud
705 606 798 688 liger.
813 628 842 691 p.
860 606 930 672 785.
962 608 1030 670 Utro
1045 616 1144 669 autem
1158 604 1188 668 lr.
1204 606 1224 668 l.
1236 605 1330 668 verior

169 707 209 770 sit
226 708 301 772 rotio
321 719 351 773 et
370 729 619 792 supervacaneum
638 719 685 773 est
703 727 843 791 quaerere
862 720 891 774 et
909 711 1037 784 difficile,
1056 718 1090 772 ut
1108 708 1138 771 iu
1154 710 1329 790 fragmento,
1408 787 1409 792 ρ

169 809 350 884 discordem
375 811 432 877 nisi
457 814 524 896 quis
553 816 629 878 lorto
654 813 855 876 Stesichorum
883 812 912 877 in
945 805 1062 876 ούνεκα
1091 813 1247 892 ροιιὶειιΙου
1273 829 1328 874 usu

168 930 230 976 nou
245 914 403 979 descivisse
418 927 535 980 oeusnet
548 916 585 980 ab
597 916 719 980 llometi
734 917 955 990 corrsuotudiue,
969 917 1047 997 epod
1060 935 1147 996 quom
1160 915 1236 978 illem
1249 934 1329 976 seur·

169 1034 222 1097 per
236 1017 262 1079 ei
276 1017 482 1092 enuntiationi,
498 1019 582 1083 cuius
598 1019 741 1083 rationem
763 1019 922 1092 contiueat,
942 1020 1085 1102 postponi
1099 1017 1238 1080 Lelusius
1257 1036 1329 1100 pro·

171 1118 248 1182 horit
262 1120 299 1183 do
313 1117 470 1184 Aristarch.
486 1123 564 1186 stud.
579 1122 667 1187 llom.
684 1143 713 1205 p.
729 1123 780 1186 69.
824 1121 910 1198 Quod
926 1122 952 1184 si
967 1121 1005 1184 ito
1021 1121 1071 1194 sit,
1090 1132 1211 1202 apparet
1225 1129 1329 1184 nostro

170 1223 236 1288 Ιοεο
252 1218 293 1289 ὀύ
305 1244 366 1289 non
382 1225 514 1307 possein
529 1225 743 1307 epodosiesso.
787 1225 824 1290 lit
839 1243 910 1288 sone
924 1243 979 1304 ego
999 1216 1117 1287 ούνεκα
1136 1242 1232 1305 neque
1250 1225 1326 1305 opud

170 1326 333 1392 Hesiodum
355 1346 449 1410 neque
471 1327 548 1410 opud
574 1329 662 1392 ulium
685 1329 875 1392 vetustiorem
901 1337 1017 1410 prostent
1044 1327 1127 1391 aliter
1152 1328 1361 1394 collocutum't

170 1431 301 1494 memini.
316 1465 355 1478 -
373 1431 407 1494 ln
422 1431 526 1494 eodem
542 1450 627 1495 versu
642 1431 754 1494 dativus
769 1425 906 1514 κούραις
928 1430 984 1509 (rol
1007 1425 1136 1514 κόραις,
1159 1440 1192 1493 ut
1209 1443 1332 1512 propter

171 1542 298 1596 metrum
318 1532 537 1616 rescripsimus)
558 1533 693 1597 dubitare
713 1534 817 1616 uliquis
837 1533 934 1615 possit
953 1553 990 1597 au
1006 1543 1114 1596 recten
1135 1533 1247 1596 liieiuio
1263 1551 1330 1596 oum

169 1637 335 1700 eoeusetiro
350 1646 535 1718 permutatus
551 1636 602 1710 sit,
629 1646 663 1699 ot
679 1637 834 1719 pendente
849 1637 937 1700 verbo
952 1635 1105 1720 principali
1120 1628 1250 1722 τίθησι.
1293 1635 1330 1700 ΕΙ
1437 1693 1439 1700 .

169 1739 297 1801 fortusse
316 1737 459 1800 llleinium
480 1739 538 1801 Ιιοε
556 1756 673 1819 quoque
693 1738 852 1820 permovit,
875 1740 954 1820 quod
974 1757 1034 1802 uon
1055 1739 1168 1802 liliabus
1187 1738 1239 1800 sod
1256 1737 1330 1819 putri

170 1839 376 1901 tautummodo
392 1839 533 1902 Venerem
549 1839 651 1902 iratum
667 1840 759 1902 luisse
773 1841 914 1904 crederet.
944 1841 1002 1902 Soti
1019 1850 1115 1902 Ιειιιειι
1131 1841 1202 1902 lues
1216 1841 1245 1902 iu
1257 1840 1330 1902 tilios

171 1958 297 2021 quoque,
311 1941 434 2022 opinor,
453 1938 526 2002 iram
542 1959 558 2001 o
574 1949 657 2022 putre
671 1940 832 2004 transtulit:
851 1941 971 2022 quodsi
987 1943 1197 2014 condedemus,
1217 1941 1331 2004 ‹latis-us

169 2041 377 2124 multomagis
403 2060 493 2123 quem
520 2041 702 2106 eeousutirus
727 2042 906 2106 Graecorum
933 2043 1137 2106 consuetudini
1162 2044 1333 2124 respondet.

171 2143 275 2206 Solent
288 2143 420 2218 culmini,
436 2145 463 2208 si
479 2162 540 2208 uon
552 2163 679 2227 semper,
693 2155 723 2208 ot
733 2145 905 2226 priorumque
916 2155 1023 2216 umen,
1039 2145 1088 2206 ulri
1101 2145 1255 2226 participio
1266 2164 1333 2208 ret·-

169 2245 267 2326 boque
281 2245 363 2308 linito
378 2265 471 2310 unum
488 2247 635 2311 obiectum
646 2247 856 2330 opponendum
867 2256 922 2320 est,
939 2247 1046 2310 obiecti
1057 2265 1157 2308 ousrtm
1169 2247 1334 2328 participio,

171 2347 286 2428 quoties
302 2347 362 2410 hoo
376 2349 501 2431 propius
516 2359 572 2425 est,
588 2368 649 2413 non
666 2349 749 2412 liuito
766 2347 855 2411 serbo
870 2348 1107 2422 accommodare,
1121 2350 1198 2413 solut
1211 2348 1333 2412 llosiud.

171 2451 227 2532 Op.
243 2458 272 2512 ot
287 2449 319 2514 Ι).
341 2451 414 2515 tuo:
433 2451 504 2530 τοῖς
524 2487 568 2501 -
589 2443 668 2538 ἤθε’
683 2443 842 2528 ὀπάσσας
860 2445 1050 2526 κατένασσε,
1063 2451 1100 2514 ils.
1120 2452 1198 2516 505:
1221 2445 1336 2536 rro'rrp

171 2546 358 2636 ἐμπνεύσας
379 2544 487 2638 tinere.
531 2556 673 2619 llorodot
692 2555 789 2632 1,61Ι;
812 2550 861 2638 τῷ
876 2546 1064 2638 Λυκούργῳ
1081 2545 1153 2640 ἱράν
1167 2547 1334 2637 εἱσάμενοι

171 2649 339 2738 σέβονται.
363 2656 402 2718 ib.
429 2658 486 2720 47:
519 2651 746 2740 ἐντειλάμενος
777 2659 849 2734 τοῖς
875 2653 1029 2720 Λυδοῖσι
1061 2691 1103 2704 —·
1137 2649 1334 2738 ἀπέπεμπε.

172 2757 301 2840 Thuopd.
318 2762 344 2831 1,
358 2759 416 2822 20:
427 2755 475 2844 τῷ
485 2749 663 2845 Ἱππάρχῳ
678 2752 911 2843 περιτυχόντες
923 2794 965 2806 ·-
981 2749 1188 2823 sinistrorsus.
1205 2759 1244 2823 lo.
1260 2762 1335 2824 lli:

49 2947 51 2952 ι
170 2853 300 2936 τούτοις
321 2851 586 2942 ἀποκρινάμενοι
618 2853 905 2944 άποπεριέψωμεν.
942 2861 981 2924 ils.
1013 2863 1086 2924 105:
1120 2863 1193 2938 τοῖς
1219 2854 1337 2939 duom

170 2954 391 3044 ξυριβσλάντες
412 2956 604 3048 ἐκράτησαν.
631 2965 690 3040 ΙΙΙ,
709 2967 746 3027 5:
786 2956 908 3027 Ἰώνων
929 2958 1154 3048 κρατήσαντας
1175 2959 1336 3042 ἐξελάσα-

171 3067 269 3128 σθαι.
292 3065 337 3140 lll,
353 3066 386 3128 6:
408 3050 453 3128 ὦν
467 3057 633 3151 κρατήσας
653 3062 698 3152 μή
714 3059 924 3150 κατασχήσει.
942 3066 1076 3146 Xouoplr.
1092 3066 1203 3129 llrllen.
1218 3069 1244 3140 1,
1259 3069 1289 3142 5,
1301 3067 1337 3132 u:

171 3157 270 3252 αύτιρΙ
288 3163 445 3254 προπιών
465 3202 506 3215 -
529 3158 635 3253 ἤρετο.
680 3169 752 3232 rur.
782 3169 869 3249 Legg.
900 3166 973 3241 llll,
1003 3168 1022 3230 tt
1048 3186 1078 3249 p.
1094 3168 1172 3232 837:
1196 3161 1338 3253 Κλεινίᾳ

42 3275 43 3278 ’
171 3263 308 3356 ἐπᾴδων
330 3263 537 3352 πειράσομαι
559 3260 704 3333 πείθειν.
728 3269 783 3342 ΙΙΙ,
805 3271 824 3332 3
844 3289 873 3351 p.
890 3269 966 3333 856:
988 3255 1040 3346 οἷς
1061 3260 1102 3332 dr
1123 3263 1237 3336 nitier
1257 3267 1339 3336 ε’πι-

171 3364 282 3456 φύρων
310 3365 358 3448 εἷς
380 3364 596 3457 δικαστήριον
622 3360 695 3458 cipp.
740 3372 894 3435 liemostlr.
910 3390 956 3453 pr.
971 3391 1032 3434 eor.
1054 3393 1083 3454 p.
1107 3374 1180 3448 281,
1196 3374 1253 3436 22:
1281 3367 1340 3448 ούς

172 3491 213 3536 σο
227 3467 414 3538 κολακεύων
428 3466 709 3559 παρηκολούθεις.
737 3475 908 3558 ΑροΙΙοεΙοι.
922 3475 968 3547 ΙΙΙ,
989 3476 1037 3546 ll,
1054 3474 1088 3537 3:
1100 3462 1139 3539 ού
1152 3469 1340 3561 ἐρασθεῖσα

169 3563 264 3650 'Heio
277 3568 435 3660 ἥρπασεν.

258 3677 429 3741 stesichoro
443 3675 562 3757 Ibycum
579 3677 715 3741 comitem
727 3678 925 3757 adiungimus.
956 3677 1049 3741 liuius
1065 3679 1201 3760 reliquias
1213 3679 1339 3742 Selrnei-

172 3778 306 3845 dewinus
331 3797 426 3864 nuper
451 3778 650 3842 eruditissime
675 3780 826 3844 emendate
848 3789 877 3842 et
902 3781 1039 3861 explicato
1069 3782 1160 3844 edidit
1184 3781 1341 3862 Gottingae

177 3881 276 3960 18333
291 3902 387 3966 neque
401 3892 499 3946 umen
514 3881 544 3946 in
560 3883 699 3947 omuibus
715 3883 778 3947 siro
790 3883 963 3947 doctissimo
979 3904 1042 3947 rem
1058 3884 1134 3948 boue
1148 3884 1276 3950 cessisse
1292 3885 1340 3950 iu·

175 3985 321 4050 dicemus:
335 3986 422 4051 reluti
438 3985 517 4068 quod
533 3985 631 4068 primo
647 3987 712 4050 Ιοεο
728 3987 829 4070 posuit
842 3986 1113 4069 splendidissimum
1130 3990 1341 4069 fragmentum.

174 4088 212 4152 elo
226 4087 376 4154 Athenaeo
397 4089 462 4154 lllll
482 4109 511 4174 p.
538 4089 594 4154 601
620 4101 783 4166 servatum,
808 4108 870 4155 non
892 4089 986 4171 mugio
1000 4089 1077 4155 illios
1099 4112 1187 4175 quom
1213 4092 1341 4159 alionum

57 4208 59 4212 ’
176 4191 345 4258 oritloorum
361 4193 538 4258 ooniooturis
553 4212 588 4258 ox
609 4195 691 4259 omni
704 4205 787 4278 perte
798 4202 1008 4280 perpurgetum
1019 4193 1143 4260 ridetur.
1164 4195 1343 4263 rotomo·

177 4295 256 4360 enim
272 4296 427 4378 lrtgmentl
442 4313 545 4362 versus
561 4297 600 4362 its
614 4297 781 4382 descriptos
796 4298 889 4364 dedit:

177 4447 202 4461 ..
214 4447 255 4472 w
266 4447 291 4461 -
302 4445 342 4470 ..e
354 4447 377 4458 -
388 4445 409 4468 ..
430 4393 507 4482 ἐμοὶ
530 4391 560 4465 d'
571 4391 677 4488 ’Ἔρος
699 4393 858 4485 ούάειιίαν
878 4395 1080 4482 κατάκοιτος
1100 4397 1197 4492 ι’ύραν.
