<?xml version="1.0" encoding="UTF-8"?>
<!DOCTYPE html PUBLIC "-//W3C//DTD XHTML 1.0 Transitional//EN"
    "http://www.w3.org/TR/xhtml1/DTD/xhtml1-transitional.dtd">
<html xmlns="http://www.w3.org/1999/xhtml" xml:lang="en" lang="en">
 <head>
  <title>
</title>
<meta http-equiv="Content-Type" content="text/html;charset=utf-8" />
  <meta name='ocr-system' content='tesseract 3.04.00' />
  <meta name='ocr-capabilities' content='ocr_page ocr_carea ocr_par ocr_line ocrx_word'/>
</head>
<body>
  <div class='ocr_page' id='page_1' title='image "./opusculaacademi01schgoog_0171.png"; bbox 0 0 3078 4954; ppageno 0'>
   <div class='ocr_carea' id='block_1_1' title="bbox 649 461 773 555">
    <p class='ocr_par' dir='ltr' id='par_1_1' title="bbox 649 461 773 555">
     <span class='ocr_line' id='line_1_1' title="bbox 649 461 773 555; baseline 0 -31"><span class='ocrx_word' id='word_1_1' title='bbox 649 551 656 555; x_wconf 83' lang='lat'><em>.</em></span> <span class='ocrx_word' id='word_1_2' title='bbox 714 461 773 524; x_wconf 80' lang='lat' dir='ltr'><strong>rso</strong></span> 
     </span>
    </p>
   </div>
   <div class='ocr_carea' id='block_1_2' title="bbox 733 549 845 558">
    <p class='ocr_par' dir='ltr' id='par_1_2' title="bbox 733 549 845 558">
     <span class='ocr_line' id='line_1_2' title="bbox 733 549 845 558; baseline 0.009 -1"><span class='ocrx_word' id='word_1_3' title='bbox 733 549 845 558; x_wconf 63' lang='lat' dir='ltr'><strong>...n-1·—</strong></span> 
     </span>
    </p>
   </div>
   <div class='ocr_carea' id='block_1_3' title="bbox 165 623 1527 1504">
    <p class='ocr_par' dir='ltr' id='par_1_3' title="bbox 165 623 1527 1504">
     <span class='ocr_line' id='line_1_3' title="bbox 167 623 1527 764; baseline -0.005 -68"><span class='ocrx_word' id='word_1_4' title='bbox 167 623 329 710; x_wconf 76' lang='lat' dir='ltr'><strong>odudaeor,</strong></span> <span class='ocrx_word' id='word_1_5' title='bbox 355 641 470 714; x_wconf 88' lang='lat' dir='ltr'><strong>praeter</strong></span> <span class='ocrx_word' id='word_1_6' title='bbox 488 634 620 714; x_wconf 80' lang='lat' dir='ltr'><strong>vulgares</strong></span> <span class='ocrx_word' id='word_1_7' title='bbox 639 631 881 715; x_wconf 81' lang='lat' dir='ltr'><strong>significationes,</strong></span> <span class='ocrx_word' id='word_1_8' title='bbox 906 629 1037 695; x_wconf 88' lang='lat' dir='ltr'><strong>etiamid</strong></span> <span class='ocrx_word' id='word_1_9' title='bbox 1056 649 1122 694; x_wconf 89' lang='lat' dir='ltr'><strong>esse</strong></span> <span class='ocrx_word' id='word_1_10' title='bbox 1136 640 1226 714; x_wconf 87' lang='lat' dir='ltr'><strong>puto,</strong></span> <span class='ocrx_word' id='word_1_11' title='bbox 1251 629 1329 712; x_wconf 86' lang='lat' dir='ltr'><strong>quod</strong></span> <span class='ocrx_word' id='word_1_12' title='bbox 1525 635 1527 764; x_wconf 63' lang='lat' dir='ltr'><strong>p</strong></span> 
     </span>
     <span class='ocr_line' id='line_1_4' title="bbox 165 732 1527 818; baseline -0.002 -21"><span class='ocrx_word' id='word_1_13' title='bbox 165 734 248 798; x_wconf 86' lang='lat' dir='ltr'><strong>alicui</strong></span> <span class='ocrx_word' id='word_1_14' title='bbox 263 745 340 800; x_wconf 88' lang='lat' dir='ltr'><strong>recte</strong></span> <span class='ocrx_word' id='word_1_15' title='bbox 355 744 384 799; x_wconf 88' lang='lat' dir='ltr'><strong>ct</strong></span> <span class='ocrx_word' id='word_1_16' title='bbox 398 736 591 801; x_wconf 77' lang='lat' dir='ltr'>condecenter</span> <span class='ocrx_word' id='word_1_17' title='bbox 605 735 773 802; x_wconf 78' lang='lat' dir='ltr'><strong>conveniat:</strong></span> <span class='ocrx_word' id='word_1_18' title='bbox 793 755 887 818; x_wconf 84' lang='lat' dir='ltr'><strong>neque</strong></span> <span class='ocrx_word' id='word_1_19' title='bbox 905 734 985 799; x_wconf 90' lang='lat' dir='ltr'><strong>enim</strong></span> <span class='ocrx_word' id='word_1_20' title='bbox 1000 733 1130 797; x_wconf 76' lang='lat' dir='ltr'><strong>diuersae</strong></span> <span class='ocrx_word' id='word_1_21' title='bbox 1144 732 1247 816; x_wconf 78' lang='lat' dir='ltr'><strong>stirpis</strong></span> <span class='ocrx_word' id='word_1_22' title='bbox 1262 742 1330 796; x_wconf 90' lang='lat' dir='ltr'><strong>sunt</strong></span> <span class='ocrx_word' id='word_1_23' title='bbox 1525 773 1527 806; x_wconf 77' lang='grc'><strong>.</strong></span> 
     </span>
     <span class='ocr_line' id='line_1_5' title="bbox 165 827 1527 925; baseline -0.004 -23"><span class='ocrx_word' id='word_1_24' title='bbox 165 831 242 925; x_wconf 76' lang='grc' dir='ltr'><strong>δίκη</strong></span> <span class='ocrx_word' id='word_1_25' title='bbox 262 850 292 903; x_wconf 87' lang='lat' dir='ltr'><strong>et</strong></span> <span class='ocrx_word' id='word_1_26' title='bbox 316 840 428 904; x_wconf 83' lang='lat' dir='ltr'><strong>decet</strong></span> <span class='ocrx_word' id='word_1_27' title='bbox 473 839 523 904; x_wconf 90' lang='lat' dir='ltr'><strong>Sic</strong></span> <span class='ocrx_word' id='word_1_28' title='bbox 542 841 703 915; x_wconf 76' lang='lat' dir='ltr'>Pindarus,</span> <span class='ocrx_word' id='word_1_29' title='bbox 723 859 814 924; x_wconf 86' lang='lat' dir='ltr'><strong>quum</strong></span> <span class='ocrx_word' id='word_1_30' title='bbox 833 838 1040 922; x_wconf 78' lang='lat' dir='ltr'><strong>pirormingem</strong></span> <span class='ocrx_word' id='word_1_31' title='bbox 1060 837 1131 900; x_wconf 89' lang='lat' dir='ltr'><strong>dicit</strong></span> <span class='ocrx_word' id='word_1_32' title='bbox 1144 836 1289 920; x_wconf 75' lang='lat' dir='ltr'><strong>Apollinis</strong></span> <span class='ocrx_word' id='word_1_33' title='bbox 1303 845 1331 898; x_wconf 90' lang='lat' dir='ltr'><strong>et</strong></span> <span class='ocrx_word' id='word_1_34' title='bbox 1525 827 1527 914; x_wconf 73' lang='lat' dir='ltr'><strong>A</strong></span> 
     </span>
     <span class='ocr_line' id='line_1_6' title="bbox 167 925 1527 1024; baseline -0.007 -18"><span class='ocrx_word' id='word_1_35' title='bbox 167 941 317 1007; x_wconf 81' lang='lat' dir='ltr'><strong>Musarum</strong></span> <span class='ocrx_word' id='word_1_36' title='bbox 337 937 491 1008; x_wconf 74' lang='grc' dir='ltr'><strong>σύνδικον</strong></span> <span class='ocrx_word' id='word_1_37' title='bbox 510 938 656 1019; x_wconf 80' lang='grc' dir='ltr'><em>κτέανον,</em></span> <span class='ocrx_word' id='word_1_38' title='bbox 684 962 746 1007; x_wconf 92' lang='lat' dir='ltr'><strong>non</strong></span> <span class='ocrx_word' id='word_1_39' title='bbox 769 961 958 1006; x_wconf 88' lang='lat' dir='ltr'><strong>connnunem</strong></span> <span class='ocrx_word' id='word_1_40' title='bbox 986 941 1032 1003; x_wconf 86' lang='lat' dir='ltr'><strong>Ais</strong></span> <span class='ocrx_word' id='word_1_41' title='bbox 1053 941 1104 1003; x_wconf 90' lang='lat' dir='ltr'><strong>sed</strong></span> <span class='ocrx_word' id='word_1_42' title='bbox 1124 950 1223 1024; x_wconf 88' lang='lat' dir='ltr'><strong>aptam</strong></span> <span class='ocrx_word' id='word_1_43' title='bbox 1244 951 1331 1021; x_wconf 79' lang='lat' dir='ltr'><strong>etque</strong></span> <span class='ocrx_word' id='word_1_44' title='bbox 1525 925 1527 1012; x_wconf 75' lang='lat' dir='ltr'><strong>i</strong></span> 
     </span>
     <span class='ocr_line' id='line_1_7' title="bbox 165 1033 1527 1150; baseline -0.006 -41"><span class='ocrx_word' id='word_1_45' title='bbox 165 1045 319 1111; x_wconf 87' lang='lat' dir='ltr'><strong>decentem</strong></span> <span class='ocrx_word' id='word_1_46' title='bbox 338 1046 420 1122; x_wconf 83' lang='lat' dir='ltr'><strong>dicit,</strong></span> <span class='ocrx_word' id='word_1_47' title='bbox 444 1057 532 1128; x_wconf 82' lang='lat' dir='ltr'><strong>atque</strong></span> <span class='ocrx_word' id='word_1_48' title='bbox 552 1047 596 1112; x_wconf 91' lang='lat' dir='ltr'><strong>sic</strong></span> <span class='ocrx_word' id='word_1_49' title='bbox 610 1047 784 1129; x_wconf 68' lang='lat' dir='ltr'><strong>Aeschylus,</strong></span> <span class='ocrx_word' id='word_1_50' title='bbox 809 1065 900 1127; x_wconf 79' lang='lat' dir='ltr'><strong>epuurn</strong></span> <span class='ocrx_word' id='word_1_51' title='bbox 923 1043 1071 1126; x_wconf 69' lang='lat' dir='ltr'><strong>Thyesten</strong></span> <span class='ocrx_word' id='word_1_52' title='bbox 1092 1062 1147 1124; x_wconf 91' lang='lat' dir='ltr'><strong>pro</strong></span> <span class='ocrx_word' id='word_1_53' title='bbox 1166 1053 1330 1106; x_wconf 84' lang='lat' dir='ltr'><strong>acroamate</strong></span> <span class='ocrx_word' id='word_1_54' title='bbox 1524 1033 1527 1150; x_wconf 61' lang='lat' dir='ltr'><strong>p</strong></span> 
     </span>
     <span class='ocr_line' id='line_1_8' title="bbox 165 1142 1527 1276; baseline -0.005 -64"><span class='ocrx_word' id='word_1_55' title='bbox 165 1149 288 1212; x_wconf 82' lang='lat' dir='ltr'><strong>convivii</strong></span> <span class='ocrx_word' id='word_1_56' title='bbox 300 1149 378 1214; x_wconf 86' lang='lat' dir='ltr'><strong>diras</strong></span> <span class='ocrx_word' id='word_1_57' title='bbox 390 1149 560 1214; x_wconf 71' lang='lat' dir='ltr'><strong>devotiones</strong></span> <span class='ocrx_word' id='word_1_58' title='bbox 571 1142 732 1225; x_wconf 65' lang='lat' dir='ltr'><strong>erudietur</strong></span> <span class='ocrx_word' id='word_1_59' title='bbox 745 1148 920 1212; x_wconf 75' lang='lat' dir='ltr'><strong>inclamasse</strong></span> <span class='ocrx_word' id='word_1_60' title='bbox 934 1147 1014 1219; x_wconf 74' lang='lat' dir='ltr'><strong>dicit</strong></span> <span class='ocrx_word' id='word_1_61' title='bbox 1025 1145 1054 1210; x_wconf 93' lang='lat' dir='ltr'><strong>id</strong></span> <span class='ocrx_word' id='word_1_62' title='bbox 1066 1165 1134 1209; x_wconf 89' lang='lat' dir='ltr'><strong>curn</strong></span> <span class='ocrx_word' id='word_1_63' title='bbox 1146 1147 1222 1210; x_wconf 85' lang='lat' dir='ltr'><strong>iuste</strong></span> <span class='ocrx_word' id='word_1_64' title='bbox 1233 1147 1330 1228; x_wconf 83' lang='lat' dir='ltr'><strong>reique</strong></span> <span class='ocrx_word' id='word_1_65' title='bbox 1525 1151 1527 1276; x_wconf 69' lang='lat' dir='ltr'><strong>p</strong></span> 
     </span>
     <span class='ocr_line' id='line_1_9' title="bbox 165 1241 1527 1352; baseline -0.002 -38"><span class='ocrx_word' id='word_1_66' title='bbox 165 1251 259 1314; x_wconf 88' lang='lat' dir='ltr'><strong>atroci</strong></span> <span class='ocrx_word' id='word_1_67' title='bbox 274 1251 468 1316; x_wconf 76' lang='lat' dir='ltr'><strong>condecenter</strong></span> <span class='ocrx_word' id='word_1_68' title='bbox 483 1253 589 1318; x_wconf 83' lang='lat' dir='ltr'><strong>iecisse</strong></span> <span class='ocrx_word' id='word_1_69' title='bbox 603 1253 686 1328; x_wconf 81' lang='lat' dir='ltr'><strong>dicit,</strong></span> <span class='ocrx_word' id='word_1_70' title='bbox 700 1253 853 1336; x_wconf 90' lang='lat' dir='ltr'><strong>potuitque</strong></span> <span class='ocrx_word' id='word_1_71' title='bbox 868 1251 973 1314; x_wconf 89' lang='lat' dir='ltr'><strong>eodem</strong></span> <span class='ocrx_word' id='word_1_72' title='bbox 988 1267 1078 1313; x_wconf 84' lang='lat' dir='ltr'><strong>sensu</strong></span> <span class='ocrx_word' id='word_1_73' title='bbox 1094 1249 1181 1313; x_wconf 86' lang='lat' dir='ltr'><strong>etiem</strong></span> <span class='ocrx_word' id='word_1_74' title='bbox 1195 1241 1332 1324; x_wconf 75' lang='grc' dir='ltr'><strong>ἐνδίκως</strong></span> <span class='ocrx_word' id='word_1_75' title='bbox 1526 1277 1527 1352; x_wconf 70' lang='lat' dir='ltr'><strong>p</strong></span> 
     </span>
     <span class='ocr_line' id='line_1_10' title="bbox 166 1353 1527 1504; baseline -0.001 -88"><span class='ocrx_word' id='word_1_76' title='bbox 166 1353 271 1418; x_wconf 82' lang='lat' dir='ltr'><strong>dicere</strong></span> <span class='ocrx_word' id='word_1_77' title='bbox 1525 1381 1527 1504; x_wconf 73' lang='lat' dir='ltr'><strong>p</strong></span> 
     </span>
    </p>
   </div>
   <div class='ocr_carea' id='block_1_4' title="bbox 166 1505 1377 1931">
    <p class='ocr_par' dir='ltr' id='par_1_4' title="bbox 166 1505 1377 1931">
     <span class='ocr_line' id='line_1_11' title="bbox 251 1505 1377 1589; baseline 0.001 -21"><span class='ocrx_word' id='word_1_78' title='bbox 251 1505 422 1587; x_wconf 82' lang='lat' dir='ltr'><strong>Perpctrnto</strong></span> <span class='ocrx_word' id='word_1_79' title='bbox 438 1509 565 1573; x_wconf 84' lang='lat' dir='ltr'><strong>iocinore</strong></span> <span class='ocrx_word' id='word_1_80' title='bbox 578 1510 615 1573; x_wconf 84' lang='lat' dir='ltr'><strong>ab</strong></span> <span class='ocrx_word' id='word_1_81' title='bbox 626 1512 713 1573; x_wconf 87' lang='lat' dir='ltr'><strong>Atreo</strong></span> <span class='ocrx_word' id='word_1_82' title='bbox 729 1527 794 1571; x_wconf 88' lang='lat' dir='ltr'><strong>sese</strong></span> <span class='ocrx_word' id='word_1_83' title='bbox 805 1508 901 1570; x_wconf 78' lang='lat' dir='ltr'><strong>nriiruc</strong></span> <span class='ocrx_word' id='word_1_84' title='bbox 916 1507 1068 1589; x_wconf 76' lang='lat' dir='ltr'><strong>parvulum</strong></span> <span class='ocrx_word' id='word_1_85' title='bbox 1080 1525 1146 1569; x_wconf 89' lang='lat' dir='ltr'><strong>curn</strong></span> <span class='ocrx_word' id='word_1_86' title='bbox 1159 1516 1242 1588; x_wconf 83' lang='lat' dir='ltr'><strong>petre</strong></span> <span class='ocrx_word' id='word_1_87' title='bbox 1256 1517 1328 1569; x_wconf 82' lang='lat' dir='ltr'><strong>terre</strong></span> <span class='ocrx_word' id='word_1_88' title='bbox 1349 1511 1377 1561; x_wconf 69' lang='lat'><strong>¹³</strong></span> 
     </span>
     <span class='ocr_line' id='line_1_12' title="bbox 166 1607 887 1691; baseline 0.006 -23"><span class='ocrx_word' id='word_1_89' title='bbox 166 1607 320 1690; x_wconf 88' lang='lat' dir='ltr'><strong>expulsum</strong></span> <span class='ocrx_word' id='word_1_90' title='bbox 336 1629 402 1672; x_wconf 87' lang='lat' dir='ltr'><strong>esse</strong></span> <span class='ocrx_word' id='word_1_91' title='bbox 416 1611 573 1691; x_wconf 73' lang='lat' dir='ltr'><strong>Aegisthus</strong></span> <span class='ocrx_word' id='word_1_92' title='bbox 588 1621 733 1675; x_wconf 89' lang='lat' dir='ltr'><strong>memorat</strong></span> <span class='ocrx_word' id='word_1_93' title='bbox 747 1630 773 1672; x_wconf 85' lang='lat' dir='ltr'><strong>v.</strong></span> <span class='ocrx_word' id='word_1_94' title='bbox 792 1611 887 1673; x_wconf 77' lang='lat'>1573:</span> 
     </span>
     <span class='ocr_line' id='line_1_13' title="bbox 366 1735 1166 1831; baseline 0.003 -24"><span class='ocrx_word' id='word_1_95' title='bbox 366 1737 478 1830; x_wconf 80' lang='grc' dir='ltr'><em>τρίτον</em></span> <span class='ocrx_word' id='word_1_96' title='bbox 499 1741 561 1831; x_wconf 79' lang='grc' dir='ltr'><strong>γὰρ</strong></span> <span class='ocrx_word' id='word_1_97' title='bbox 583 1737 663 1810; x_wconf 78' lang='lat' dir='ltr'><strong>iiucu</strong></span> <span class='ocrx_word' id='word_1_98' title='bbox 683 1736 717 1828; x_wconf 81' lang='grc' dir='ltr'><strong>μ’</strong></span> <span class='ocrx_word' id='word_1_99' title='bbox 737 1740 809 1811; x_wconf 76' lang='grc' dir='ltr'><strong>ἐπὶ</strong></span> <span class='ocrx_word' id='word_1_100' title='bbox 832 1738 875 1809; x_wconf 81' lang='grc' dir='ltr'><strong>δι’</strong></span> <span class='ocrx_word' id='word_1_101' title='bbox 880 1735 912 1807; x_wconf 85' lang='grc' dir='ltr'><strong>κ’</strong></span> <span class='ocrx_word' id='word_1_102' title='bbox 933 1735 1047 1831; x_wconf 75' lang='grc' dir='ltr'><strong><em>ἀθλίῳ</em></strong></span> <span class='ocrx_word' id='word_1_103' title='bbox 1062 1741 1166 1830; x_wconf 80' lang='grc' dir='ltr'><strong><em>πατρὶ</em></strong></span> 
     </span>
     <span class='ocr_line' id='line_1_14' title="bbox 367 1836 1110 1931; baseline -0.003 -19"><span class='ocrx_word' id='word_1_104' title='bbox 367 1843 588 1927; x_wconf 76' lang='grc' dir='ltr'><strong>συνεξελαύνει</strong></span> <span class='ocrx_word' id='word_1_105' title='bbox 609 1845 735 1914; x_wconf 77' lang='lat' dir='ltr'><strong>cocddr</strong></span> <span class='ocrx_word' id='word_1_106' title='bbox 756 1836 820 1912; x_wconf 74' lang='grc' dir='ltr'><strong>ὄντ’</strong></span> <span class='ocrx_word' id='word_1_107' title='bbox 842 1841 876 1911; x_wconf 76' lang='grc' dir='ltr'><strong>ἐν</strong></span> <span class='ocrx_word' id='word_1_108' title='bbox 898 1841 1110 1931; x_wconf 76' lang='grc' dir='ltr'><strong><em>σπαργάνοις.</em></strong></span> 
     </span>
    </p>
   </div>
   <div class='ocr_carea' id='block_1_5' title="bbox 168 1947 1330 2068">
    <p class='ocr_par' dir='ltr' id='par_1_5' title="bbox 168 1947 1330 2068">
     <span class='ocr_line' id='line_1_15' title="bbox 168 1947 1330 2068; baseline 0.004 -24"><span class='ocrx_word' id='word_1_109' title='bbox 168 1947 323 2046; x_wconf 82' lang='lat' dir='ltr'><strong>Tiedecim</strong></span> <span class='ocrx_word' id='word_1_110' title='bbox 335 1985 479 2068; x_wconf 59' lang='lat' dir='ltr'><strong>Thyestae</strong></span> <span class='ocrx_word' id='word_1_111' title='bbox 494 1987 570 2050; x_wconf 88' lang='lat' dir='ltr'><strong>tilios</strong></span> <span class='ocrx_word' id='word_1_112' title='bbox 582 1987 673 2050; x_wconf 78' lang='lat' dir='ltr'><strong>tuisse</strong></span> <span class='ocrx_word' id='word_1_113' title='bbox 688 2005 777 2050; x_wconf 90' lang='lat' dir='ltr'><strong>nemo</strong></span> <span class='ocrx_word' id='word_1_114' title='bbox 788 1993 946 2047; x_wconf 82' lang='lat' dir='ltr'><strong>memorat:</strong></span> <span class='ocrx_word' id='word_1_115' title='bbox 962 1993 1021 2046; x_wconf 89' lang='lat' dir='ltr'><strong>tres</strong></span> <span class='ocrx_word' id='word_1_116' title='bbox 1037 1993 1149 2047; x_wconf 88' lang='lat' dir='ltr'><strong>tanturn</strong></span> <span class='ocrx_word' id='word_1_117' title='bbox 1160 1989 1211 2048; x_wconf 86' lang='lat' dir='ltr'><strong>adt</strong></span> <span class='ocrx_word' id='word_1_118' title='bbox 1224 2005 1240 2048; x_wconf 90' lang='lat' dir='ltr'><strong>a</strong></span> <span class='ocrx_word' id='word_1_119' title='bbox 1255 2004 1330 2048; x_wconf 79' lang='grc' dir='ltr'>ιιυιι-</span> 
     </span>
    </p>
   </div>
   <div class='ocr_carea' id='block_1_6' title="bbox 104 2083 1380 4535">
    <p class='ocr_par' dir='ltr' id='par_1_6' title="bbox 104 2083 1380 4535">
     <span class='ocr_line' id='line_1_16' title="bbox 168 2083 1334 2168; baseline 0.003 -20"><span class='ocrx_word' id='word_1_120' title='bbox 168 2083 254 2148; x_wconf 87' lang='lat' dir='ltr'><strong>nuliis</strong></span> <span class='ocrx_word' id='word_1_121' title='bbox 282 2095 421 2168; x_wconf 80' lang='lat' dir='ltr'><strong>quattuor</strong></span> <span class='ocrx_word' id='word_1_122' title='bbox 443 2087 534 2150; x_wconf 80' lang='lat' dir='ltr'><strong>tuisse</strong></span> <span class='ocrx_word' id='word_1_123' title='bbox 557 2086 703 2152; x_wconf 81' lang='lat' dir='ltr'><strong>dicuntur.</strong></span> <span class='ocrx_word' id='word_1_124' title='bbox 755 2085 857 2166; x_wconf 78' lang='lat' dir='ltr'><strong>Neque</strong></span> <span class='ocrx_word' id='word_1_125' title='bbox 878 2085 976 2167; x_wconf 92' lang='lat' dir='ltr'><strong>ipsum</strong></span> <span class='ocrx_word' id='word_1_126' title='bbox 1001 2105 1054 2166; x_wconf 89' lang='lat' dir='ltr'><strong>per</strong></span> <span class='ocrx_word' id='word_1_127' title='bbox 1075 2107 1107 2150; x_wconf 89' lang='lat' dir='ltr'><strong>se</strong></span> <span class='ocrx_word' id='word_1_128' title='bbox 1127 2087 1263 2151; x_wconf 78' lang='lat' dir='ltr'><strong>credibile</strong></span> <span class='ocrx_word' id='word_1_129' title='bbox 1281 2101 1334 2160; x_wconf 81' lang='lat' dir='ltr'><strong>est,</strong></span> 
     </span>
     <span class='ocr_line' id='line_1_17' title="bbox 167 2185 1332 2270; baseline 0.005 -23"><span class='ocrx_word' id='word_1_130' title='bbox 167 2186 323 2250; x_wconf 82' lang='lat' dir='ltr'><strong>duodecim</strong></span> <span class='ocrx_word' id='word_1_131' title='bbox 345 2185 383 2252; x_wconf 87' lang='lat' dir='ltr'><strong>ab</strong></span> <span class='ocrx_word' id='word_1_132' title='bbox 407 2188 495 2252; x_wconf 90' lang='lat' dir='ltr'><strong>Atreo</strong></span> <span class='ocrx_word' id='word_1_133' title='bbox 520 2188 639 2252; x_wconf 87' lang='lat' dir='ltr'><strong>mactari</strong></span> <span class='ocrx_word' id='word_1_134' title='bbox 664 2187 807 2270; x_wconf 89' lang='lat' dir='ltr'><strong>potuisse.</strong></span> <span class='ocrx_word' id='word_1_135' title='bbox 851 2186 938 2250; x_wconf 83' lang='lat' dir='ltr'><strong>itecte</strong></span> <span class='ocrx_word' id='word_1_136' title='bbox 957 2188 1044 2269; x_wconf 77' lang='lat' dir='ltr'><strong>igitur</strong></span> <span class='ocrx_word' id='word_1_137' title='bbox 1063 2187 1219 2270; x_wconf 81' lang='lat' dir='ltr'><strong>Errtperius</strong></span> <span class='ocrx_word' id='word_1_138' title='bbox 1237 2191 1332 2255; x_wconf 79' lang='lat' dir='ltr'><strong>luerem</strong></span> 
     </span>
     <span class='ocr_line' id='line_1_18' title="bbox 168 2288 1334 2374; baseline 0.003 -24"><span class='ocrx_word' id='word_1_139' title='bbox 168 2301 342 2372; x_wconf 87' lang='lat' dir='ltr'><strong>corruptum</strong></span> <span class='ocrx_word' id='word_1_140' title='bbox 358 2309 424 2354; x_wconf 89' lang='lat' dir='ltr'><strong>esse</strong></span> <span class='ocrx_word' id='word_1_141' title='bbox 439 2289 588 2364; x_wconf 64' lang='lat' dir='ltr'><strong>iudicarim</strong></span> <span class='ocrx_word' id='word_1_142' title='bbox 603 2291 654 2354; x_wconf 87' lang='lat' dir='ltr'><strong>sed</strong></span> <span class='ocrx_word' id='word_1_143' title='bbox 670 2309 744 2372; x_wconf 85' lang='lat' dir='ltr'><strong>quae</strong></span> <span class='ocrx_word' id='word_1_144' title='bbox 758 2288 794 2352; x_wconf 87' lang='lat' dir='ltr'><strong>nb</strong></span> <span class='ocrx_word' id='word_1_145' title='bbox 809 2309 845 2352; x_wconf 87' lang='lat' dir='ltr'><strong>eo</strong></span> <span class='ocrx_word' id='word_1_146' title='bbox 860 2291 1057 2354; x_wconf 82' lang='lat' dir='ltr'><strong>correctiones</strong></span> <span class='ocrx_word' id='word_1_147' title='bbox 1072 2303 1292 2374; x_wconf 84' lang='lat' dir='ltr'><strong>proponuntur,</strong></span> <span class='ocrx_word' id='word_1_148' title='bbox 1307 2294 1334 2356; x_wconf 92' lang='lat' dir='ltr'><strong>in</strong></span> 
     </span>
     <span class='ocr_line' id='line_1_19' title="bbox 171 2383 1335 2478; baseline 0.005 -24"><span class='ocrx_word' id='word_1_149' title='bbox 171 2391 271 2455; x_wconf 83' lang='lat' dir='ltr'><strong>ltiurn.</strong></span> <span class='ocrx_word' id='word_1_150' title='bbox 288 2393 429 2474; x_wconf 84' lang='lat' dir='ltr'><strong>antiquar.</strong></span> <span class='ocrx_word' id='word_1_151' title='bbox 444 2411 513 2456; x_wconf 90' lang='lat' dir='ltr'><strong>ann.</strong></span> <span class='ocrx_word' id='word_1_152' title='bbox 532 2393 630 2469; x_wconf 77' lang='lat'>1835,</span> <span class='ocrx_word' id='word_1_153' title='bbox 650 2411 708 2457; x_wconf 84' lang='lat' dir='ltr'><strong>una</strong></span> <span class='ocrx_word' id='word_1_154' title='bbox 728 2413 757 2476; x_wconf 91' lang='lat' dir='ltr'><strong>p.</strong></span> <span class='ocrx_word' id='word_1_155' title='bbox 774 2393 850 2466; x_wconf 78' lang='grc'>635,</span> <span class='ocrx_word' id='word_1_156' title='bbox 868 2385 981 2476; x_wconf 76' lang='grc' dir='ltr'><em>τρίτον</em></span> <span class='ocrx_word' id='word_1_157' title='bbox 1005 2388 1067 2478; x_wconf 72' lang='grc' dir='ltr'><strong>γὰρ</strong></span> <span class='ocrx_word' id='word_1_158' title='bbox 1086 2383 1166 2457; x_wconf 72' lang='lat' dir='ltr'><strong>iimo</strong></span> <span class='ocrx_word' id='word_1_159' title='bbox 1185 2388 1220 2478; x_wconf 77' lang='grc' dir='ltr'><strong>μ’</strong></span> <span class='ocrx_word' id='word_1_160' title='bbox 1233 2389 1335 2476; x_wconf 57' lang='grc' dir='ltr'>,ἔλιπε</span> 
     </span>
     <span class='ocr_line' id='line_1_20' title="bbox 169 2484 1336 2582; baseline 0.005 -26"><span class='ocrx_word' id='word_1_161' title='bbox 169 2485 304 2582; x_wconf 77' lang='grc' dir='ltr'><strong><em>κάθλίῳ</em></strong></span> <span class='ocrx_word' id='word_1_162' title='bbox 320 2490 424 2578; x_wconf 80' lang='grc' dir='ltr'><strong><em>πατρὶ</em></strong></span> <span class='ocrx_word' id='word_1_163' title='bbox 439 2489 672 2573; x_wconf 74' lang='grc' dir='ltr'><strong><em>συνεξελαύνει,</em></strong></span> <span class='ocrx_word' id='word_1_164' title='bbox 689 2497 776 2559; x_wconf 86' lang='lat' dir='ltr'><strong>altera</strong></span> <span class='ocrx_word' id='word_1_165' title='bbox 792 2515 821 2577; x_wconf 93' lang='lat' dir='ltr'><strong>p.</strong></span> <span class='ocrx_word' id='word_1_166' title='bbox 842 2497 931 2572; x_wconf 84' lang='grc' dir='ltr'>ιιιιιι),</span> <span class='ocrx_word' id='word_1_167' title='bbox 943 2485 976 2575; x_wconf 83' lang='grc' dir='ltr'><strong>μ’</strong></span> <span class='ocrx_word' id='word_1_168' title='bbox 991 2489 1050 2559; x_wconf 78' lang='lat' dir='ltr'><strong>ini</strong></span> <span class='ocrx_word' id='word_1_169' title='bbox 1067 2489 1141 2561; x_wconf 71' lang='lat' dir='ltr'><strong>‹tia‘</strong></span> <span class='ocrx_word' id='word_1_170' title='bbox 1156 2500 1199 2562; x_wconf 84' lang='lat' dir='ltr'><strong>ret</strong></span> <span class='ocrx_word' id='word_1_171' title='bbox 1214 2493 1272 2562; x_wconf 74' lang='lat' dir='ltr'><strong>dari</strong></span> <span class='ocrx_word' id='word_1_172' title='bbox 1289 2484 1336 2562; x_wconf 58' lang='grc' dir='ltr'><strong>δι’·ἱ</strong></span> 
     </span>
     <span class='ocr_line' id='line_1_21' title="bbox 107 2587 1335 2680; baseline 0.007 -24"><span class='ocrx_word' id='word_1_173' title='bbox 107 2587 114 2602; x_wconf 89' lang='grc'><strong>’</strong></span> <span class='ocrx_word' id='word_1_174' title='bbox 169 2587 248 2660; x_wconf 69' lang='lat' dir='ltr'><strong>rid).</strong></span> <span class='ocrx_word' id='word_1_175' title='bbox 266 2588 378 2679; x_wconf 75' lang='lat' dir='ltr'><strong>recepi,</strong></span> <span class='ocrx_word' id='word_1_176' title='bbox 395 2598 498 2660; x_wconf 81' lang='lat' dir='ltr'><strong>irarum</strong></span> <span class='ocrx_word' id='word_1_177' title='bbox 511 2608 645 2661; x_wconf 85' lang='lat' dir='ltr'><strong>neutram</strong></span> <span class='ocrx_word' id='word_1_178' title='bbox 661 2598 841 2680; x_wconf 78' lang='lat' dir='ltr'><strong>probabilem</strong></span> <span class='ocrx_word' id='word_1_179' title='bbox 857 2619 924 2661; x_wconf 85' lang='lat' dir='ltr'><strong>esse</strong></span> <span class='ocrx_word' id='word_1_180' title='bbox 938 2599 1058 2680; x_wconf 81' lang='lat' dir='ltr'><strong>quilibet</strong></span> <span class='ocrx_word' id='word_1_181' title='bbox 1072 2600 1148 2663; x_wconf 84' lang='lat' dir='ltr'><strong>irottd</strong></span> <span class='ocrx_word' id='word_1_182' title='bbox 1161 2601 1250 2665; x_wconf 74' lang='lat' dir='ltr'><strong>duisie</strong></span> <span class='ocrx_word' id='word_1_183' title='bbox 1263 2603 1335 2666; x_wconf 87' lang='lat' dir='ltr'><strong>ider·</strong></span> 
     </span>
     <span class='ocr_line' id='line_1_22' title="bbox 171 2692 1335 2789; baseline 0.005 -29"><span class='ocrx_word' id='word_1_184' title='bbox 171 2716 281 2761; x_wconf 78' lang='lat' dir='ltr'><strong>tiranno</strong></span> <span class='ocrx_word' id='word_1_185' title='bbox 306 2698 493 2762; x_wconf 77' lang='lat' dir='ltr'><strong>assentietur.</strong></span> <span class='ocrx_word' id='word_1_186' title='bbox 535 2700 602 2781; x_wconf 90' lang='lat' dir='ltr'><strong>ipse</strong></span> <span class='ocrx_word' id='word_1_187' title='bbox 622 2700 809 2763; x_wconf 74' lang='lat' dir='ltr'><strong>dermannus</strong></span> <span class='ocrx_word' id='word_1_188' title='bbox 828 2700 959 2782; x_wconf 77' lang='lat' dir='ltr'><strong>scripsit:</strong></span> <span class='ocrx_word' id='word_1_189' title='bbox 990 2692 1103 2784; x_wconf 72' lang='grc' dir='ltr'><strong><em>τρίτον</em></strong></span> <span class='ocrx_word' id='word_1_190' title='bbox 1126 2698 1189 2789; x_wconf 70' lang='lat' dir='ltr'><strong>peip</strong></span> <span class='ocrx_word' id='word_1_191' title='bbox 1208 2695 1287 2768; x_wconf 75' lang='grc' dir='ltr'><strong>ὄντα</strong></span> <span class='ocrx_word' id='word_1_192' title='bbox 1303 2696 1335 2786; x_wconf 79' lang='grc' dir='ltr'><strong>μ’</strong></span> 
     </span>
     <span class='ocr_line' id='line_1_23' title="bbox 170 2792 1335 2887; baseline 0.007 -25"><span class='ocrx_word' id='word_1_193' title='bbox 170 2792 301 2880; x_wconf 53' lang='lat' dir='ltr'><strong>decidat²</strong></span> <span class='ocrx_word' id='word_1_194' title='bbox 324 2793 438 2887; x_wconf 73' lang='grc' dir='ltr'><strong><em>ἀθλίῳ</em></strong></span> <span class='ocrx_word' id='word_1_195' title='bbox 457 2795 571 2886; x_wconf 74' lang='grc' dir='ltr'><strong><em>πατρί,</em></strong></span> <span class='ocrx_word' id='word_1_196' title='bbox 595 2823 704 2867; x_wconf 87' lang='lat' dir='ltr'><strong>nevum</strong></span> <span class='ocrx_word' id='word_1_197' title='bbox 723 2812 752 2867; x_wconf 91' lang='lat' dir='ltr'><strong>et</strong></span> <span class='ocrx_word' id='word_1_198' title='bbox 771 2803 934 2867; x_wconf 89' lang='lat' dir='ltr'><strong>innnditum</strong></span> <span class='ocrx_word' id='word_1_199' title='bbox 958 2804 1131 2868; x_wconf 77' lang='lat' dir='ltr'><strong>semirutum</strong></span> <span class='ocrx_word' id='word_1_200' title='bbox 1151 2819 1335 2870; x_wconf 78' lang='lat' dir='ltr'><strong>concinentes</strong></span> 
     </span>
     <span class='ocr_line' id='line_1_24' title="bbox 169 2895 1335 2990; baseline 0.008 -25"><span class='ocrx_word' id='word_1_201' title='bbox 169 2895 303 2982; x_wconf 75' lang='grc' dir='ltr'><strong><em>ἕπίδεξ,</em></strong></span> <span class='ocrx_word' id='word_1_202' title='bbox 318 2904 406 2986; x_wconf 84' lang='lat' dir='ltr'><strong>idque</strong></span> <span class='ocrx_word' id='word_1_203' title='bbox 422 2905 537 2985; x_wconf 81' lang='lat' dir='ltr'><strong>pessino</strong></span> <span class='ocrx_word' id='word_1_204' title='bbox 552 2906 662 2968; x_wconf 88' lang='lat' dir='ltr'><strong>dictum</strong></span> <span class='ocrx_word' id='word_1_205' title='bbox 679 2905 847 2987; x_wconf 86' lang='lat' dir='ltr'><strong>suspicatus</strong></span> <span class='ocrx_word' id='word_1_206' title='bbox 863 2906 923 2980; x_wconf 85' lang='lat' dir='ltr'><strong>„de</strong></span> <span class='ocrx_word' id='word_1_207' title='bbox 937 2927 988 2979; x_wconf 78' lang='lat' dir='ltr'><strong>eo,</strong></span> <span class='ocrx_word' id='word_1_208' title='bbox 1007 2906 1057 2988; x_wconf 86' lang='lat' dir='ltr'><strong>qui</strong></span> <span class='ocrx_word' id='word_1_209' title='bbox 1074 2919 1144 2990; x_wconf 84' lang='lat' dir='ltr'><strong>post</strong></span> <span class='ocrx_word' id='word_1_210' title='bbox 1163 2909 1236 2972; x_wconf 89' lang='lat' dir='ltr'><strong>alios</strong></span> <span class='ocrx_word' id='word_1_211' title='bbox 1254 2931 1335 2974; x_wconf 85' lang='lat' dir='ltr'><strong>neee—</strong></span> 
     </span>
     <span class='ocr_line' id='line_1_25' title="bbox 170 3006 1337 3090; baseline 0.009 -25"><span class='ocrx_word' id='word_1_212' title='bbox 170 3015 238 3086; x_wconf 85' lang='lat' dir='ltr'><strong>ptus</strong></span> <span class='ocrx_word' id='word_1_213' title='bbox 254 3007 303 3080; x_wconf 80' lang='lat' dir='ltr'><strong>sit,</strong></span> <span class='ocrx_word' id='word_1_214' title='bbox 324 3016 357 3069; x_wconf 92' lang='lat' dir='ltr'><strong>ut</strong></span> <span class='ocrx_word' id='word_1_215' title='bbox 370 3006 419 3069; x_wconf 90' lang='lat' dir='ltr'><strong>hio</strong></span> <span class='ocrx_word' id='word_1_216' title='bbox 433 3007 469 3069; x_wconf 91' lang='lat' dir='ltr'><strong>de</strong></span> <span class='ocrx_word' id='word_1_217' title='bbox 484 3006 623 3088; x_wconf 75' lang='lat' dir='ltr'><strong>Aegistho</strong></span> <span class='ocrx_word' id='word_1_218' title='bbox 639 3017 708 3089; x_wconf 88' lang='lat' dir='ltr'><strong>post</strong></span> <span class='ocrx_word' id='word_1_219' title='bbox 723 3019 864 3070; x_wconf 83' lang='lat' dir='ltr'><strong>oractatos</strong></span> <span class='ocrx_word' id='word_1_220' title='bbox 880 3012 983 3071; x_wconf 85' lang='lat' dir='ltr'><strong>irntres</strong></span> <span class='ocrx_word' id='word_1_221' title='bbox 998 3011 1072 3090; x_wconf 87' lang='lat' dir='ltr'><strong>patri</strong></span> <span class='ocrx_word' id='word_1_222' title='bbox 1093 3021 1194 3074; x_wconf 83' lang='lat' dir='ltr'><strong>nato.·‘</strong></span> <span class='ocrx_word' id='word_1_223' title='bbox 1223 3014 1266 3076; x_wconf 95' lang='lat' dir='ltr'><strong>Ad</strong></span> <span class='ocrx_word' id='word_1_224' title='bbox 1282 3015 1337 3077; x_wconf 80' lang='lat' dir='ltr'><strong>icor</strong></span> 
     </span>
     <span class='ocr_line' id='line_1_26' title="bbox 170 3107 1380 3195; baseline 0.002 -26"><span class='ocrx_word' id='word_1_225' title='bbox 170 3125 262 3189; x_wconf 79' lang='lat' dir='ltr'><strong>genus</strong></span> <span class='ocrx_word' id='word_1_226' title='bbox 279 3107 463 3171; x_wconf 84' lang='lat' dir='ltr'><strong>coniecturae</strong></span> <span class='ocrx_word' id='word_1_227' title='bbox 478 3127 540 3173; x_wconf 91' lang='lat' dir='ltr'><strong>uon</strong></span> <span class='ocrx_word' id='word_1_228' title='bbox 555 3109 636 3172; x_wconf 87' lang='lat' dir='ltr'><strong>iaciie</strong></span> <span class='ocrx_word' id='word_1_229' title='bbox 650 3109 878 3190; x_wconf 80' lang='lat' dir='ltr'><strong>eonirrgicndum</strong></span> <span class='ocrx_word' id='word_1_230' title='bbox 894 3121 953 3186; x_wconf 85' lang='lat' dir='ltr'><strong>est,</strong></span> <span class='ocrx_word' id='word_1_231' title='bbox 973 3113 1029 3174; x_wconf 88' lang='lat' dir='ltr'><strong>nisi</strong></span> <span class='ocrx_word' id='word_1_232' title='bbox 1045 3133 1136 3195; x_wconf 84' lang='lat' dir='ltr'><strong>quum</strong></span> <span class='ocrx_word' id='word_1_233' title='bbox 1153 3124 1265 3178; x_wconf 83' lang='lat' dir='ltr'><strong>ceterae</strong></span> <span class='ocrx_word' id='word_1_234' title='bbox 1278 3117 1338 3178; x_wconf 78' lang='lat' dir='ltr'><strong>riae</strong></span> <span class='ocrx_word' id='word_1_235' title='bbox 1378 3143 1380 3148; x_wconf 95' lang='lat'>·</span> 
     </span>
     <span class='ocr_line' id='line_1_27' title="bbox 104 3208 1338 3295; baseline 0.006 -23"><span class='ocrx_word' id='word_1_236' title='bbox 104 3251 106 3256; x_wconf 92' lang='lat'>-</span> <span class='ocrx_word' id='word_1_237' title='bbox 169 3219 219 3273; x_wconf 80' lang='lat' dir='ltr'><strong>out</strong></span> <span class='ocrx_word' id='word_1_238' title='bbox 232 3208 405 3273; x_wconf 86' lang='lat' dir='ltr'><strong>emendandi</strong></span> <span class='ocrx_word' id='word_1_239' title='bbox 421 3220 471 3275; x_wconf 86' lang='lat' dir='ltr'><strong>out</strong></span> <span class='ocrx_word' id='word_1_240' title='bbox 484 3211 694 3295; x_wconf 87' lang='lat' dir='ltr'><strong>interpretandi</strong></span> <span class='ocrx_word' id='word_1_241' title='bbox 710 3215 816 3276; x_wconf 75' lang='lat' dir='ltr'><strong>frustra</strong></span> <span class='ocrx_word' id='word_1_242' title='bbox 831 3221 957 3276; x_wconf 86' lang='lat' dir='ltr'><strong>tentatae</strong></span> <span class='ocrx_word' id='word_1_243' title='bbox 972 3223 1051 3276; x_wconf 90' lang='lat' dir='ltr'><strong>sunt.</strong></span> <span class='ocrx_word' id='word_1_244' title='bbox 1084 3215 1148 3278; x_wconf 86' lang='lat' dir='ltr'><strong>ideo</strong></span> <span class='ocrx_word' id='word_1_245' title='bbox 1161 3227 1259 3280; x_wconf 83' lang='lat' dir='ltr'><strong>nutem</strong></span> <span class='ocrx_word' id='word_1_246' title='bbox 1274 3216 1338 3281; x_wconf 71' lang='lat' dir='ltr'><strong>icere</strong></span> 
     </span>
     <span class='ocr_line' id='line_1_28' title="bbox 169 3307 1337 3404; baseline 0.003 -29"><span class='ocrx_word' id='word_1_247' title='bbox 169 3312 329 3394; x_wconf 85' lang='lat' dir='ltr'><strong>permirum</strong></span> <span class='ocrx_word' id='word_1_248' title='bbox 343 3313 509 3378; x_wconf 85' lang='lat' dir='ltr'><strong>estnentini</strong></span> <span class='ocrx_word' id='word_1_249' title='bbox 522 3315 693 3379; x_wconf 77' lang='lat' dir='ltr'><strong>intuentem</strong></span> <span class='ocrx_word' id='word_1_250' title='bbox 707 3314 822 3379; x_wconf 79' lang='lat' dir='ltr'><strong>venisse</strong></span> <span class='ocrx_word' id='word_1_251' title='bbox 834 3309 946 3398; x_wconf 70' lang='lat' dir='ltr'><strong>epiros</strong></span> <span class='ocrx_word' id='word_1_252' title='bbox 957 3312 1019 3399; x_wconf 75' lang='lat' dir='ltr'><strong>peip</strong></span> <span class='ocrx_word' id='word_1_253' title='bbox 1034 3307 1114 3380; x_wconf 72' lang='grc' dir='ltr'><strong>ὄντα</strong></span> <span class='ocrx_word' id='word_1_254' title='bbox 1127 3311 1161 3400; x_wconf 86' lang='grc' dir='ltr'><strong>μ’</strong></span> <span class='ocrx_word' id='word_1_255' title='bbox 1175 3309 1237 3399; x_wconf 70' lang='grc' dir='ltr'>ἔτι,</span> <span class='ocrx_word' id='word_1_256' title='bbox 1253 3340 1337 3404; x_wconf 82' lang='lat' dir='ltr'><strong>prae-</strong></span> 
     </span>
     <span class='ocr_line' id='line_1_29' title="bbox 169 3415 1337 3502; baseline 0.008 -24"><span class='ocrx_word' id='word_1_257' title='bbox 169 3427 302 3497; x_wconf 84' lang='lat' dir='ltr'><strong>terquam</strong></span> <span class='ocrx_word' id='word_1_258' title='bbox 318 3417 369 3479; x_wconf 91' lang='lat' dir='ltr'><strong>uni</strong></span> <span class='ocrx_word' id='word_1_259' title='bbox 385 3418 419 3479; x_wconf 75' lang='lat' dir='ltr'><strong>tt.</strong></span> <span class='ocrx_word' id='word_1_260' title='bbox 435 3415 465 3480; x_wconf 84' lang='lat' dir='ltr'><strong>C.</strong></span> <span class='ocrx_word' id='word_1_261' title='bbox 482 3417 527 3480; x_wconf 82' lang='lat' dir='ltr'><strong>W.</strong></span> <span class='ocrx_word' id='word_1_262' title='bbox 543 3418 733 3494; x_wconf 80' lang='lat' dir='ltr'><strong>Scitneidcro‚</strong></span> <span class='ocrx_word' id='word_1_263' title='bbox 748 3418 798 3502; x_wconf 83' lang='lat' dir='ltr'><strong>qui</strong></span> <span class='ocrx_word' id='word_1_264' title='bbox 813 3437 892 3482; x_wconf 78' lang='lat' dir='ltr'><strong>aritio</strong></span> <span class='ocrx_word' id='word_1_265' title='bbox 912 3419 992 3483; x_wconf 72' lang='lat' dir='ltr'><strong>teto</strong></span> <span class='ocrx_word' id='word_1_266' title='bbox 1007 3422 1257 3502; x_wconf 70' lang='lat' dir='ltr'><strong>Agamemnonem</strong></span> <span class='ocrx_word' id='word_1_267' title='bbox 1273 3445 1337 3487; x_wconf 85' lang='lat' dir='ltr'><strong>cunr</strong></span> 
     </span>
     <span class='ocr_line' id='line_1_30' title="bbox 171 3519 1339 3610; baseline 0.005 -29"><span class='ocrx_word' id='word_1_268' title='bbox 171 3519 385 3582; x_wconf 83' lang='lat' dir='ltr'><strong>commentario</strong></span> <span class='ocrx_word' id='word_1_269' title='bbox 398 3519 489 3582; x_wconf 81' lang='lat' dir='ltr'><strong>edidit</strong></span> <span class='ocrx_word' id='word_1_270' title='bbox 500 3539 571 3584; x_wconf 89' lang='lat' dir='ltr'><strong>sano</strong></span> <span class='ocrx_word' id='word_1_271' title='bbox 584 3521 752 3584; x_wconf 75' lang='lat' dir='ltr'><strong>[utilissimo</strong></span> <span class='ocrx_word' id='word_1_272' title='bbox 764 3534 792 3586; x_wconf 91' lang='lat' dir='ltr'><strong>et</strong></span> <span class='ocrx_word' id='word_1_273' title='bbox 803 3523 1026 3587; x_wconf 78' lang='lat' dir='ltr'><strong>absurdissimis</strong></span> <span class='ocrx_word' id='word_1_274' title='bbox 1038 3525 1124 3607; x_wconf 80' lang='lat' dir='ltr'><strong>nugis</strong></span> <span class='ocrx_word' id='word_1_275' title='bbox 1137 3528 1253 3604; x_wconf 79' lang='lat' dir='ltr'><strong>referto,</strong></span> <span class='ocrx_word' id='word_1_276' title='bbox 1267 3548 1339 3610; x_wconf 82' lang='lat' dir='ltr'><strong>quae</strong></span> 
     </span>
     <span class='ocr_line' id='line_1_31' title="bbox 171 3621 1337 3708; baseline 0.009 -24"><span class='ocrx_word' id='word_1_277' title='bbox 171 3639 259 3684; x_wconf 86' lang='lat' dir='ltr'><strong>causa</strong></span> <span class='ocrx_word' id='word_1_278' title='bbox 274 3621 364 3684; x_wconf 79' lang='lat' dir='ltr'><strong>ruisse</strong></span> <span class='ocrx_word' id='word_1_279' title='bbox 378 3621 506 3697; x_wconf 85' lang='lat' dir='ltr'><strong>videtur,</strong></span> <span class='ocrx_word' id='word_1_280' title='bbox 527 3631 559 3685; x_wconf 95' lang='lat' dir='ltr'><strong>ut</strong></span> <span class='ocrx_word' id='word_1_281' title='bbox 579 3641 667 3687; x_wconf 90' lang='lat' dir='ltr'><strong>nemo</strong></span> <span class='ocrx_word' id='word_1_282' title='bbox 688 3642 755 3687; x_wconf 90' lang='lat' dir='ltr'><strong>eum</strong></span> <span class='ocrx_word' id='word_1_283' title='bbox 771 3624 917 3708; x_wconf 82' lang='lat' dir='ltr'><strong>inspicere</strong></span> <span class='ocrx_word' id='word_1_284' title='bbox 938 3635 989 3690; x_wconf 87' lang='lat' dir='ltr'><strong>aut</strong></span> <span class='ocrx_word' id='word_1_285' title='bbox 1003 3647 1079 3708; x_wconf 83' lang='lat' dir='ltr'><strong>quae</strong></span> <span class='ocrx_word' id='word_1_286' title='bbox 1093 3628 1131 3691; x_wconf 82' lang='lat' dir='ltr'><strong>ab</strong></span> <span class='ocrx_word' id='word_1_287' title='bbox 1145 3631 1267 3694; x_wconf 76' lang='lat' dir='ltr'><strong>ironiine</strong></span> <span class='ocrx_word' id='word_1_288' title='bbox 1281 3643 1337 3695; x_wconf 81' lang='grc' dir='ltr'>ιιιιι</span> 
     </span>
     <span class='ocr_line' id='line_1_32' title="bbox 170 3721 1337 3816; baseline 0.011 -32"><span class='ocrx_word' id='word_1_289' title='bbox 170 3721 305 3804; x_wconf 88' lang='lat' dir='ltr'><strong>imperito</strong></span> <span class='ocrx_word' id='word_1_290' title='bbox 321 3730 350 3786; x_wconf 92' lang='lat' dir='ltr'><strong>et</strong></span> <span class='ocrx_word' id='word_1_291' title='bbox 364 3723 478 3788; x_wconf 84' lang='lat' dir='ltr'><strong>insulso</strong></span> <span class='ocrx_word' id='word_1_292' title='bbox 490 3724 603 3806; x_wconf 84' lang='lat' dir='ltr'><strong>prolata</strong></span> <span class='ocrx_word' id='word_1_293' title='bbox 618 3733 720 3788; x_wconf 87' lang='lat' dir='ltr'><strong>essent</strong></span> <span class='ocrx_word' id='word_1_294' title='bbox 734 3735 866 3808; x_wconf 88' lang='lat' dir='ltr'><strong>repetere</strong></span> <span class='ocrx_word' id='word_1_295' title='bbox 882 3729 1012 3792; x_wconf 83' lang='lat' dir='ltr'><strong>vetuerit</strong></span> <span class='ocrx_word' id='word_1_296' title='bbox 1036 3731 1224 3816; x_wconf 16' lang='lat' dir='ltr'><strong>ilaec-tamen</strong></span> <span class='ocrx_word' id='word_1_297' title='bbox 1240 3735 1337 3797; x_wconf 77' lang='lat' dir='ltr'><strong>eonie</strong></span> 
     </span>
     <span class='ocr_line' id='line_1_33' title="bbox 171 3825 1336 3913; baseline 0.009 -27"><span class='ocrx_word' id='word_1_298' title='bbox 171 3833 253 3887; x_wconf 87' lang='lat' dir='ltr'><strong>etura</strong></span> <span class='ocrx_word' id='word_1_299' title='bbox 267 3841 452 3908; x_wconf 85' lang='lat' dir='ltr'><strong>nequaquam</strong></span> <span class='ocrx_word' id='word_1_300' title='bbox 468 3825 633 3909; x_wconf 88' lang='lat' dir='ltr'><strong>spemeuda</strong></span> <span class='ocrx_word' id='word_1_301' title='bbox 649 3836 720 3890; x_wconf 67' lang='lat' dir='ltr'><strong>ierat</strong></span> <span class='ocrx_word' id='word_1_302' title='bbox 758 3827 878 3892; x_wconf 84' lang='lat' dir='ltr'><strong>Duobus</strong></span> <span class='ocrx_word' id='word_1_303' title='bbox 893 3831 994 3913; x_wconf 83' lang='lat' dir='ltr'><strong>pueris</strong></span> <span class='ocrx_word' id='word_1_304' title='bbox 1009 3834 1151 3908; x_wconf 70' lang='lat' dir='ltr'><strong>metentis,</strong></span> <span class='ocrx_word' id='word_1_305' title='bbox 1167 3825 1271 3899; x_wconf 82' lang='lat' dir='ltr'><strong>tertius</strong></span> <span class='ocrx_word' id='word_1_306' title='bbox 1285 3837 1336 3898; x_wconf 84' lang='lat' dir='ltr'><strong>nd·</strong></span> 
     </span>
     <span class='ocr_line' id='line_1_34' title="bbox 169 3925 1339 4024; baseline 0.012 -36"><span class='ocrx_word' id='word_1_307' title='bbox 169 3925 229 3988; x_wconf 86' lang='lat' dir='ltr'><strong>huc</strong></span> <span class='ocrx_word' id='word_1_308' title='bbox 243 3936 395 4007; x_wconf 88' lang='lat' dir='ltr'><strong>superstes</strong></span> <span class='ocrx_word' id='word_1_309' title='bbox 410 3937 486 3991; x_wconf 84' lang='lat' dir='ltr'><strong>erat:</strong></span> <span class='ocrx_word' id='word_1_310' title='bbox 512 3927 541 3990; x_wconf 90' lang='lat' dir='ltr'><strong>id</strong></span> <span class='ocrx_word' id='word_1_311' title='bbox 556 3939 586 3991; x_wconf 91' lang='lat' dir='ltr'><strong>et</strong></span> <span class='ocrx_word' id='word_1_312' title='bbox 600 3928 791 3992; x_wconf 83' lang='lat' dir='ltr'><strong>conveniebat</strong></span> <span class='ocrx_word' id='word_1_313' title='bbox 805 3929 860 3993; x_wconf 89' lang='lat' dir='ltr'><strong>dici</strong></span> <span class='ocrx_word' id='word_1_314' title='bbox 876 3941 905 3993; x_wconf 88' lang='lat' dir='ltr'><strong>et</strong></span> <span class='ocrx_word' id='word_1_315' title='bbox 919 3931 1025 3996; x_wconf 86' lang='lat' dir='ltr'><strong>dicitur</strong></span> <span class='ocrx_word' id='word_1_316' title='bbox 1039 3935 1205 4017; x_wconf 78' lang='lat' dir='ltr'><strong>aptissimae</strong></span> <span class='ocrx_word' id='word_1_317' title='bbox 1229 3932 1339 4024; x_wconf 73' lang='lat' dir='ltr'><strong>epiros</strong></span> 
     </span>
     <span class='ocr_line' id='line_1_35' title="bbox 171 4017 1337 4123; baseline 0.015 -34"><span class='ocrx_word' id='word_1_318' title='bbox 171 4020 232 4112; x_wconf 75' lang='lat' dir='ltr'><strong>peip</strong></span> <span class='ocrx_word' id='word_1_319' title='bbox 247 4017 328 4090; x_wconf 75' lang='grc' dir='ltr'><strong>ὄντα</strong></span> <span class='ocrx_word' id='word_1_320' title='bbox 346 4022 381 4110; x_wconf 89' lang='grc' dir='ltr'><strong>μ’</strong></span> <span class='ocrx_word' id='word_1_321' title='bbox 399 4021 461 4093; x_wconf 73' lang='grc' dir='ltr'>ἔτι.</span> <span class='ocrx_word' id='word_1_322' title='bbox 507 4024 700 4108; x_wconf 71' lang='grc' dir='ltr'>Δικάθλιος</span> <span class='ocrx_word' id='word_1_323' title='bbox 714 4040 811 4094; x_wconf 87' lang='lat' dir='ltr'><strong>autern</strong></span> <span class='ocrx_word' id='word_1_324' title='bbox 826 4050 888 4094; x_wconf 90' lang='lat' dir='ltr'><strong>non</strong></span> <span class='ocrx_word' id='word_1_325' title='bbox 903 4044 949 4097; x_wconf 86' lang='lat' dir='ltr'><strong>est</strong></span> <span class='ocrx_word' id='word_1_326' title='bbox 962 4039 1120 4101; x_wconf 78' lang='lat' dir='ltr'><strong>uerendum</strong></span> <span class='ocrx_word' id='word_1_327' title='bbox 1136 4058 1174 4103; x_wconf 88' lang='lat' dir='ltr'><strong>ne</strong></span> <span class='ocrx_word' id='word_1_328' title='bbox 1188 4041 1257 4123; x_wconf 81' lang='lat' dir='ltr'><strong>quis</strong></span> <span class='ocrx_word' id='word_1_329' title='bbox 1271 4062 1337 4107; x_wconf 88' lang='lat' dir='ltr'><strong>eum</strong></span> 
     </span>
     <span class='ocr_line' id='line_1_36' title="bbox 170 4127 1340 4220; baseline 0.019 -30"><span class='ocrx_word' id='word_1_330' title='bbox 170 4127 275 4190; x_wconf 88' lang='lat' dir='ltr'><strong>eodem</strong></span> <span class='ocrx_word' id='word_1_331' title='bbox 288 4129 468 4194; x_wconf 85' lang='lat' dir='ltr'><strong>Seirneidero</strong></span> <span class='ocrx_word' id='word_1_332' title='bbox 480 4130 579 4194; x_wconf 87' lang='lat' dir='ltr'><strong>itidem</strong></span> <span class='ocrx_word' id='word_1_333' title='bbox 595 4141 628 4196; x_wconf 92' lang='grc' dir='ltr'><strong>ιιι</strong></span> <span class='ocrx_word' id='word_1_334' title='bbox 640 4128 839 4220; x_wconf 76' lang='grc' dir='ltr'>τρισάθλιος</span> <span class='ocrx_word' id='word_1_335' title='bbox 853 4134 963 4199; x_wconf 88' lang='lat' dir='ltr'><strong>dictum</strong></span> <span class='ocrx_word' id='word_1_336' title='bbox 978 4157 1045 4202; x_wconf 87' lang='lat' dir='ltr'><strong>esse</strong></span> <span class='ocrx_word' id='word_1_337' title='bbox 1059 4143 1166 4206; x_wconf 75' lang='lat' dir='ltr'><strong>estat</strong></span> <span class='ocrx_word' id='word_1_338' title='bbox 1200 4147 1340 4210; x_wconf 83' lang='lat' dir='ltr'><strong>Scriben-</strong></span> 
     </span>
     <span class='ocr_line' id='line_1_37' title="bbox 170 4227 1341 4330; baseline 0.015 -37"><span class='ocrx_word' id='word_1_339' title='bbox 170 4231 242 4294; x_wconf 91' lang='lat' dir='ltr'><strong>dum</strong></span> <span class='ocrx_word' id='word_1_340' title='bbox 252 4232 307 4295; x_wconf 87' lang='lat' dir='ltr'><strong>erit</strong></span> <span class='ocrx_word' id='word_1_341' title='bbox 315 4227 499 4320; x_wconf 72' lang='grc' dir='ltr'><strong><em>δυσαθλίῳ.</em></strong></span> <span class='ocrx_word' id='word_1_342' title='bbox 526 4233 589 4297; x_wconf 83' lang='lat' dir='ltr'><strong>Nisi</strong></span> <span class='ocrx_word' id='word_1_343' title='bbox 603 4235 669 4318; x_wconf 86' lang='lat' dir='ltr'><strong>quis</strong></span> <span class='ocrx_word' id='word_1_344' title='bbox 684 4239 760 4300; x_wconf 83' lang='lat' dir='ltr'><strong>torte</strong></span> <span class='ocrx_word' id='word_1_345' title='bbox 774 4235 832 4300; x_wconf 89' lang='lat' dir='ltr'><strong>hoc</strong></span> <span class='ocrx_word' id='word_1_346' title='bbox 845 4250 1001 4321; x_wconf 86' lang='lat' dir='ltr'><strong>propterea</strong></span> <span class='ocrx_word' id='word_1_347' title='bbox 1012 4255 1142 4326; x_wconf 82' lang='lat' dir='ltr'><strong>spernat</strong></span> <span class='ocrx_word' id='word_1_348' title='bbox 1156 4250 1237 4330; x_wconf 89' lang='lat' dir='ltr'><strong>quod</strong></span> <span class='ocrx_word' id='word_1_349' title='bbox 1253 4251 1341 4314; x_wconf 85' lang='lat' dir='ltr'><strong>nimis</strong></span> 
     </span>
     <span class='ocr_line' id='line_1_38' title="bbox 172 4333 1340 4427; baseline 0.019 -32"><span class='ocrx_word' id='word_1_350' title='bbox 172 4333 254 4397; x_wconf 82' lang='lat' dir='ltr'><strong>tacite</strong></span> <span class='ocrx_word' id='word_1_351' title='bbox 268 4333 388 4398; x_wconf 80' lang='lat' dir='ltr'><strong>inventu</strong></span> <span class='ocrx_word' id='word_1_352' title='bbox 401 4345 455 4398; x_wconf 84' lang='lat' dir='ltr'><strong>est.</strong></span> <span class='ocrx_word' id='word_1_353' title='bbox 487 4335 561 4400; x_wconf 86' lang='lat' dir='ltr'><strong>Nam</strong></span> <span class='ocrx_word' id='word_1_354' title='bbox 577 4347 649 4400; x_wconf 88' lang='lat' dir='ltr'><strong>eunt</strong></span> <span class='ocrx_word' id='word_1_355' title='bbox 662 4357 733 4402; x_wconf 87' lang='lat' dir='ltr'><strong>sano</strong></span> <span class='ocrx_word' id='word_1_356' title='bbox 748 4339 881 4402; x_wconf 89' lang='lat' dir='ltr'><strong>nounudi</strong></span> <span class='ocrx_word' id='word_1_357' title='bbox 896 4351 957 4404; x_wconf 88' lang='lat' dir='ltr'><strong>tam</strong></span> <span class='ocrx_word' id='word_1_358' title='bbox 972 4342 1071 4427; x_wconf 89' lang='lat' dir='ltr'><strong>inepte</strong></span> <span class='ocrx_word' id='word_1_359' title='bbox 1085 4348 1245 4426; x_wconf 77' lang='lat' dir='ltr'><strong>fastidiosi,</strong></span> <span class='ocrx_word' id='word_1_360' title='bbox 1259 4363 1287 4416; x_wconf 91' lang='lat' dir='ltr'><strong>et</strong></span> <span class='ocrx_word' id='word_1_361' title='bbox 1305 4353 1340 4416; x_wconf 87' lang='lat' dir='ltr'><strong>ii·</strong></span> 
     </span>
     <span class='ocr_line' id='line_1_39' title="bbox 174 4435 1340 4535; baseline 0.018 -38"><span class='ocrx_word' id='word_1_362' title='bbox 174 4435 245 4510; x_wconf 82' lang='grc' dir='ltr'>Ιιιιι,</span> <span class='ocrx_word' id='word_1_363' title='bbox 259 4437 343 4501; x_wconf 79' lang='lat' dir='ltr'><strong>citius</strong></span> <span class='ocrx_word' id='word_1_364' title='bbox 357 4454 447 4520; x_wconf 83' lang='lat' dir='ltr'><strong>supra</strong></span> <span class='ocrx_word' id='word_1_365' title='bbox 461 4437 640 4501; x_wconf 88' lang='lat' dir='ltr'><strong>mentionem</strong></span> <span class='ocrx_word' id='word_1_366' title='bbox 655 4439 727 4516; x_wconf 84' lang='lat' dir='ltr'><strong>ieci,</strong></span> <span class='ocrx_word' id='word_1_367' title='bbox 750 4442 896 4505; x_wconf 76' lang='lat' dir='ltr'><strong>senatoris</strong></span> <span class='ocrx_word' id='word_1_368' title='bbox 914 4444 1040 4524; x_wconf 74' lang='lat' dir='ltr'><strong>similes,</strong></span> <span class='ocrx_word' id='word_1_369' title='bbox 1059 4461 1094 4514; x_wconf 93' lang='lat' dir='ltr'><strong>ut</strong></span> <span class='ocrx_word' id='word_1_370' title='bbox 1107 4470 1182 4535; x_wconf 84' lang='lat' dir='ltr'><strong>quae</strong></span> <span class='ocrx_word' id='word_1_371' title='bbox 1195 4452 1227 4518; x_wconf 90' lang='lat' dir='ltr'><strong>io</strong></span> <span class='ocrx_word' id='word_1_372' title='bbox 1243 4455 1340 4520; x_wconf 84' lang='lat' dir='ltr'><strong>medio</strong></span> 
     </span>
    </p>
   </div>
   <div class='ocr_carea' id='block_1_7' title="bbox 0 0 1552 4954">
    <p class='ocr_par' dir='ltr' id='par_1_7' title="bbox 0 0 1552 4954">
     <span class='ocr_line' id='line_1_40' title="bbox 0 0 1552 4954; baseline 0 0"><span class='ocrx_word' id='word_1_373' title='bbox 0 0 1552 4954; x_wconf 95' lang='lat' dir='ltr'><strong> </strong></span> 
     </span>
    </p>
   </div>
  </div>
 </body>
</html>
