3092 4964
780 425 842 494 2³4

234 643 270 688 ac
288 621 411 688 lamilioe
431 627 509 684 mete
527 618 686 698 regendae,
705 633 801 699 neque
819 616 979 700 quidquam
998 635 1066 681 esse
1088 617 1166 681 inter
1185 609 1397 702 οἰκονομικὸν

234 735 264 788 et
275 718 452 806 βασιλικὸν
465 731 515 786 aut
529 715 706 786 πολιτικόν
719 717 909 794 discriminis,
926 718 984 783 nisi
999 719 1079 802 quod
1095 721 1126 783 io
1142 720 1252 785 maiore
1267 722 1397 804 quodam

234 825 388 890 hominum
408 843 443 889 ac
460 841 559 888 rerum
579 821 652 886 orbe
672 821 779 886 horum
797 839 886 903 quom
912 820 989 885 illius
1013 821 1230 886 administratio
1254 833 1397 888 versetur.

234 929 298 992 vid.
310 927 394 991 rotie
406 947 435 1010 p.
448 927 511 990 259
523 929 557 991 h.
569 927 603 990 ll.
615 928 707 990 hmat
720 943 750 1006 p.
766 922 826 989 138
838 925 869 988 C.
901 924 976 989 llinc
986 925 1072 990 ctiam
1084 927 1172 1007 legg.
1188 926 1236 990 lll.
1247 945 1277 1009 p.
1291 927 1352 991 out
1366 929 1398 991 C.

234 1033 326 1114 Cyme
342 1039 507 1114 propterea,
525 1029 606 1112 quod
621 1028 781 1092 liberorum
796 1045 921 1092 suorum
937 1028 1140 1093 educationem
1154 1029 1311 1111 neglexerit
1330 1049 1398 1094 coe·

234 1153 291 1215 que
302 1133 472 1197 mulieribus
483 1132 657 1216 permiserit,
673 1134 871 1196 oeconomiam
881 1150 988 1213 parum
1003 1150 1124 1196 curasse
1139 1132 1254 1208 dicitur,
1270 1124 1398 1198 οἰκονο-

233 1229 298 1322 μίᾳ
312 1225 408 1298 οὐδὲν
420 1231 478 1300 τὸν
487 1231 562 1299 νοῦν
572 1227 847 1320 προσοσχρκέναιε
862 1252 898 1296 ex
912 1253 972 1316 quo
987 1244 1118 1317 apparet,
1133 1233 1248 1300 Platoni
1263 1253 1325 1300 non
1340 1237 1397 1300 mi·

236 1359 292 1404 nus
307 1357 396 1422 quarn
410 1337 559 1402 Aristoteli
574 1339 610 1403 ad
625 1336 829 1402 oeconomiam
845 1336 991 1418 pertinere
1005 1337 1099 1400 risum
1114 1355 1181 1400 esse
1196 1336 1224 1400 id
1240 1356 1329 1400 omne
1347 1356 1400 1419 ge·

236 1460 293 1505 nus
312 1442 493 1516 officiorum,
517 1440 597 1522 quod
616 1439 652 1504 ab
672 1441 730 1504 hoc
746 1439 1024 1524 τεκνοποιητικῆς
1042 1458 1068 1502 s.
1089 1441 1255 1525 πατρικῆς
1279 1440 1401 1504 nomine

237 1541 509 1626 comprehenditur,
524 1540 610 1605 Polis.
628 1542 657 1616 l,
672 1540 692 1604 2
707 1561 737 1624 p.
753 1542 784 1616 5,
798 1540 840 1603 25
855 1549 886 1604 et
899 1559 924 1606 c.
940 1542 960 1604 5
975 1559 1005 1624 p.
1021 1539 1073 1616 22,
1092 1541 1140 1604 17.
1169 1542 1270 1625 ltaque
1285 1543 1322 1606 de
1335 1561 1400 1606 am·

236 1647 299 1711 bitu
318 1645 438 1728 quidem
459 1644 651 1708 oeconomiae
671 1644 702 1708 hi
722 1643 799 1707 inter
816 1663 850 1707 se
869 1643 1071 1719 consentiunt,
1089 1643 1156 1708 lioet
1175 1644 1211 1707 ele
1231 1645 1402 1710 discrimine

236 1750 300 1813 eius
314 1756 345 1810 et
355 1746 488 1830 politicae
499 1765 561 1810 non
574 1744 721 1810 immerito
732 1745 912 1811 dissentiata
923 1747 1045 1812 Platone
1055 1746 1236 1812 Aristoteles.
1262 1751 1305 1812 ct.
1317 1767 1400 1832 supr.

238 1871 268 1934 p.
285 1852 314 1915 7.
341 1849 441 1932 Neque
455 1850 636 1932 posteriores
651 1869 685 1912 ea
700 1849 853 1913 Academia
868 1859 897 1913 et
907 1849 1003 1933 Lyceo
1019 1850 1224 1934 philosophos,
1239 1852 1264 1916 si
1280 1851 1349 1934 quid
1365 1852 1402 1915 de

239 1951 429 2017 oeconomica
444 1950 653 2024 disseruemot,
674 1951 747 2014 alios
769 1951 939 2034 disciplinae
957 1952 1100 2016 terminos
1120 1953 1226 2016 iecisse
1245 1963 1402 2018 consenta-

240 2073 329 2118 neum
344 2063 402 2128 est,
421 2071 598 2135 quamquam
617 2053 653 2115 de
672 2051 780 2116 horum
801 2053 890 2130 nullo,
910 2063 1113 2136 praeterquam
1133 2054 1170 2118 de
1187 2055 1404 2138 Theophrasto,

241 2156 348 2238 aliquid
367 2153 403 2217 ad
422 2152 556 2218 notitiam
576 2165 710 2217 nostram
731 2155 910 2236 perduravit:
935 2166 965 2220 et
982 2156 1161 2220 recentiores
1184 2176 1303 2241 quoque
1327 2159 1403 2234 illos,

187 2271 221 2322 to
242 2259 291 2342 qui
312 2278 345 2322 se
365 2256 567 2339 Pythagoreos
585 2256 687 2321 haberi
707 2257 867 2336 uoluerunt,
885 2259 1012 2323 eundem
1033 2259 1242 2324 oeconomicae
1259 2261 1402 2325 ambitum

240 2361 370 2424 tenuisse
384 2361 547 2440 fragmenta
562 2359 721 2423 aStohaeo
730 2361 771 2423 tit
780 2361 821 2424 85
836 2360 1173 2425 sersaudemonsuaot
1200 2363 1290 2426 hliter
1303 2371 1401 2427 autem
1531 2381 1533 2386 ·

240 2471 405 2526 statuerunt
419 2479 481 2524 non
495 2460 594 2523 solum
606 2460 749 2542 Epicurei,
763 2480 891 2544 quorum
908 2463 1083 2528 sententiam
1095 2462 1186 2528 modo
1200 2463 1401 2528 el'hilodemo

239 2563 442 2645 cognovimus,
461 2563 513 2625 sed
533 2562 620 2626 etiom
636 2562 728 2627 Stoici
745 2564 813 2643 (sid.
830 2563 947 2629 Stohac.
962 2565 1060 2646 liclog.
1075 2565 1110 2641 ll,
1124 2567 1144 2628 7
1158 2575 1233 2648 part.
1249 2565 1274 2628 ll
1293 2585 1322 2648 p.
1342 2565 1402 2631 188
1520 2607 1523 2614 ·

238 2667 346 2744 licen),
361 2665 411 2746 qui
425 2683 517 2745 quum
533 2665 753 2730 oeconomicam
769 2667 924 2731 delinirent
937 2663 1148 2754 θεωρητικὴν
1162 2663 1231 2746 ἔξω
1244 2661 1303 2730 καὶ
1314 2688 1402 2753 πρα-

238 2764 427 2855 arrepserit·
437 2759 522 2851 οἴκῳ
537 2761 777 2852 συμφερόντων,
796 2755 887 2833 οἶκον
899 2777 996 2833 umen
1008 2787 1070 2834 non
1081 2769 1137 2833 alio
1149 2788 1242 2834 sensu
1253 2771 1402 2853 accepisse

238 2872 379 2946 sidentur,
397 2888 487 2952 quom
502 2888 562 2950 quo
577 2888 594 2932 a
609 2869 806 2952 Xenophonte
824 2871 975 2954 accipitur,
995 2881 1028 2936 ut
1046 2872 1086 2936 sit
1104 2871 1123 2935 i.
1139 2891 1168 2954 q.
1183 2868 1311 2958 κτῆοτςε
1331 2892 1400 2937 nam

239 2963 432 3054 οἰκονομίαν
453 2972 590 3036 dixerunt
612 2991 678 3036 esse
698 2966 853 3052 διάταξιν
871 2969 951 3058 περὶ
970 2965 1194 3055 ἀναλωμάτων
1211 2968 1270 3037 καὶ
1291 2965 1402 3058 ἔργων,

238 3072 295 3141 καὶ
317 3070 463 3162 κτήσεως
483 3068 680 3156 ἐπιμέλειαν
707 3070 766 3139 καὶ
787 3073 852 3139 τῶν
873 3067 950 3140 κατ’
972 3068 1072 3163 α’γρόν
1101 3069 1342 3162 ἐργαζομένων1
1355 3080 1402 3155 ³)=

238 3180 347 3262 quippe
366 3179 446 3243 hunc
463 3197 557 3242 unum
572 3187 738 3259 quamtum,
757 3177 807 3260 spui
828 3198 863 3243 ex
882 3179 944 3262 agri
964 3179 1076 3244 cultura
1095 3179 1267 3263 percipitur,
1286 3189 1403 3262 praeter

239 3292 352 3346 eeteros
371 3280 557 3363 probandum
577 3280 645 3356 rati,
668 3281 919 3362 quemadmodum
938 3283 997 3346 lero
1014 3281 1102 3346 etiam
1121 3301 1138 3345 a
1156 3281 1354 3365 Xenophonte
1374 3293 1403 3346 et

238 3384 393 3448 Aristotele
408 3385 517 3448 iactum
531 3395 585 3448 est.
618 3385 656 3448 Bt
670 3384 747 3448 sicut
760 3385 933 3449 Aristoteles
951 3405 968 3449 a
983 3381 1129 3472 κτητικῇ,
1149 3402 1223 3467 quse
1236 3393 1283 3448 est
1301 3395 1403 3466 quarta

240 3486 428 3552 oeconomiae
439 3505 519 3568 pars,
535 3495 708 3568 constatque
719 3487 749 3550 in
762 3497 883 3568 quaestu
894 3487 1029 3551 laudabili
1040 3496 1070 3552 ot
1085 3486 1264 3562 necessario,
1278 3486 1404 3568 seiungit

239 3607 342 3653 eorum
357 3598 521 3672 quaestum,
537 3587 586 3672 qui
601 3589 674 3653 nihil
689 3589 747 3652 nisi
762 3589 917 3672 pecunimu
931 3590 1036 3673 quovis
1051 3587 1142 3652 modo
1157 3597 1287 3673 etsupra
1298 3608 1403 3655 neoes-

308 3845 349 3910 lh)
370 3845 423 3897 lloc
444 3847 500 3899 loeo
512 3847 603 3918 aliquis
617 3848 654 3900 ati
671 3847 753 3916 possit
768 3849 800 3900 ad
817 3848 986 3902 excusandam
1003 3847 1149 3900 hodiernam
1165 3847 1272 3900 nominis
1287 3846 1402 3912 ahasaan

240 3947 314 3998 qaum
332 3932 476 3985 oeeoaoasia
492 3933 586 3986 dicitnr
601 3934 671 4003 quasi
689 3933 791 4002 propria
807 3935 839 3986 ds
856 3935 894 3986 rei
911 3934 1022 3986 rusticas
1040 3933 1206 3998 tracutiooe,
1223 3931 1289 4002 qaod
1309 3931 1401 3984 merito

241 4015 442 4068 Bsansurrlim
458 4025 546 4071 ssstsr
561 4019 685 4088 lasprolsst
700 4019 726 4071 ia
742 4019 808 4072 libre
824 4017 942 4086 waaris,
959 4016 1186 4070 h'asrserdiatiaelss
1203 4015 1404 4088 Escpslmsdle

242 4099 369 4160 (heidelb.
383 4101 486 4168 lida),
498 4119 522 4171 p.
534 4103 577 4156 58.
610 4103 677 4157 ldeas
692 4103 733 4156 vir
748 4103 910 4156 doctissimas
926 4110 967 4166 st,
979 4101 1045 4172 qaod
1057 4103 1172 4172 equidem
1184 4102 1259 4169 laage
1271 4102 1353 4174 pluris
1365 4100 1403 4154 ia·

242 4185 290 4250 elo,
302 4185 477 4250 integerrimas
488 4205 543 4242 ean
555 4205 629 4261 qaam
640 4189 713 4243 Plato
730 4196 758 4242 st
773 4188 930 4242 Aristoteles
944 4188 1065 4241 dixeram
1080 4187 1263 4254 oeconomiam,
1275 4188 1300 4240 is.
1311 4201 1335 4240 s.
1347 4187 1404 4240 sai·

243 4281 342 4322 uersam
352 4270 592 4328 administrationem
603 4275 774 4342 domesticam,
785 4275 818 4328 ah
829 4275 885 4341 hac,
897 4289 970 4344 qaam
982 4274 1064 4327 eateri
1074 4275 1168 4340 diasat,
1180 4275 1219 4328 rel
1231 4271 1364 4327 familiaria
1376 4279 1403 4324 st

243 4351 364 4407 baron·
384 4356 598 4412 administratioae
617 4361 754 4430 aptissimis
776 4357 916 4412 aoninibas
930 4359 1074 4428 dlatiagait,
1098 4360 1205 4414 alteram
1221 4357 1401 4426 hasnam

243 4441 383 4510 appellans,
394 4441 499 4496 alternas
512 4443 696 4516 Vinium
