3196 4954
662 453 726 522 225

116 643 162 706 rel
177 646 384 727 comparandis
398 647 441 710 rel
456 647 697 712 administrandis
712 659 741 710 et
760 647 879 711 utendis
899 645 928 709 in
944 647 1136 711 oeconomica
1150 645 1281 730 praecipi

117 763 238 808 necesse
252 757 307 810 cst
337 747 380 812 Ea
391 747 438 812 luis
452 759 549 812 autem
565 759 704 832 quattum
718 750 852 832 partibus
872 758 977 813 noster
991 750 1203 814 oeconomicus
1217 751 1281 832 pri·

117 866 198 912 mam
213 849 331 930 quidem
347 861 375 915 ot
386 853 546 916 secundam
557 852 665 934 attigit,
681 853 821 916 nonnulla
838 853 923 916 etiam
936 853 973 916 ad
985 862 1118 934 quartam
1129 851 1281 934 pertinen·

118 951 157 1016 tia
181 953 345 1034 praecepit3
369 954 485 1018 tertiam
511 974 597 1031 vero,
620 955 649 1019 in
676 975 732 1038 qua
759 955 795 1018 de
814 954 913 1019 liberis
933 973 1096 1036 eorumque
1111 955 1283 1019 tractatione

118 1053 266 1136 agendum
286 1064 363 1132 erat,
377 1057 463 1139 plane
476 1057 593 1122 silentio
612 1057 821 1141 praetermisit:
853 1075 941 1140 mam
969 1075 1029 1140 que
1056 1058 1156 1121 minus
1182 1059 1281 1140 ipsum

118 1157 304 1220 Aristotelem
320 1160 597 1240 praetemrissurum
613 1162 704 1226 luisse
719 1161 884 1234 credamus,
899 1160 942 1223 rel
957 1160 1005 1224 illa
1021 1169 1118 1223 retant
1132 1179 1206 1243 qnae
1221 1159 1282 1224 Pc-

119 1257 160 1321 lit
175 1257 197 1334 l,
212 1258 231 1320 5
246 1277 276 1340 p.
292 1259 345 1335 23,
360 1260 379 1324 8
395 1263 562 1344 profitetur:
583 1259 727 1351 φανερὸν
746 1256 857 1327 coins
878 1253 934 1326 dtr
956 1255 1082 1326 πλείων
1103 1253 1123 1348 ἦ
1146 1257 1280 1348 cncede)

120 1355 182 1445 τῆς
203 1351 394 1444 οἰκονομίας
415 1359 494 1449 accpi
513 1361 589 1442 τούς
611 1356 815 1450 ἀύθρῶπους
836 1354 859 1450 ἢ
881 1359 960 1448 περὶ
981 1359 1040 1449 τὴν
1058 1359 1126 1428 τῶν
1145 1355 1285 1451 durique

119 1458 245 1548 κτῆσιν,
268 1457 428 1550 καὶπερὶ
453 1463 514 1554 rq'r
535 1458 652 1555 ἀρετὴν
678 1463 803 1533 τούτων
831 1457 853 1555 ἢ
875 1462 1036 1552 περὶτῆς
1056 1461 1217 1554 κτήσεως,
1244 1457 1284 1530 ‘o'r

121 1560 283 1646 καλοῦμεν
303 1563 457 1648 πλοῦτον,
481 1565 539 1634 καὶ
559 1574 628 1637 τῶν
646 1565 829 1657 ἐλευθέρων
842 1567 968 1654 μᾶλλον
983 1559 1006 1656 ἢ
1020 1564 1155 1634 δούλων.
1182 1569 1282 1652 Neque

122 1667 266 1751 suspicari
284 1669 351 1733 licet
376 1671 452 1735 hanc
477 1683 590 1755 partem
616 1673 712 1756 aliquo
732 1693 801 1737 casu
821 1673 1013 1755 interceptam
1033 1691 1113 1736 esse:
1136 1691 1206 1736 nam
1233 1671 1282 1735 ulai

121 1795 208 1840 verus
223 1781 285 1839 erat
299 1775 363 1838 cius
378 1774 545 1838 tractandae
558 1775 651 1850 locus,
666 1785 736 1857 post
750 1785 904 1857 praecepta
919 1772 1097 1856 coniugalia,
1111 1774 1224 1838 nullom
1238 1783 1284 1836 est

123 1879 153 1942 in
168 1876 318 1942 codicibus
334 1877 453 1940 lacunae
467 1879 634 1960 vestigium:
649 1897 744 1960 neque
764 1879 968 1942 l‘lrilcrlcmum
984 1875 1142 1959 quidquam
1157 1876 1196 1938 de
1210 1875 1284 1938 ltue-

123 1999 225 2044 rorum
246 1977 415 2043 tractatione
435 1977 465 2040 in
485 1977 545 2042 hoc
569 1979 663 2043 libello
689 1981 794 2062 legisse
819 2000 854 2042 cx
876 1978 940 2042 eius
956 1977 1073 2041 silentio
1096 1977 1284 2040 manifestum

124 2092 178 2145 est
208 2079 324 2156 Quodsi
340 2078 406 2160 quis
421 2080 497 2142 torte
512 2090 645 2163 opponat
659 2080 898 2164 praetermissam
918 2081 995 2144 hone
1009 2087 1124 2161 partem
1138 2098 1206 2141 esse
1219 2096 1285 2143 eam

124 2183 163 2247 olr
178 2202 305 2258 causam,
319 2173 399 2264 qued
415 2181 452 2244 de
466 2181 624 2246 liberorum
640 2181 814 2246 educatione
828 2183 899 2245 satis
910 2181 968 2244 iam
984 2180 1013 2243 in
1028 2179 1160 2243 Politicis
1175 2180 1286 2242 dictum

124 2296 215 2350 esset:
231 2286 284 2348 alia
299 2287 377 2349 lraud
392 2283 481 2348 dubie
495 2293 543 2347 est
556 2283 657 2358 civilis,
674 2284 727 2346 alia
742 2283 921 2347 domesticae
935 2280 1116 2346 educationis
1132 2280 1217 2354 ratio,
1232 2299 1287 2343 ne·

124 2408 181 2470 que
197 2395 351 2470 propterca
366 2386 415 2468 qui
431 2386 550 2450 alteram
572 2387 601 2448 in
616 2385 747 2449 Politicis
761 2394 947 2460 monuerat,
966 2385 1087 2448 altemm
1106 2385 1137 2448 in
1153 2401 1284 2446 oecono·
1302 2391 1348 2450 22x

125 2490 200 2553 nrica
219 2489 358 2553 tradenda
377 2488 610 2571 praetermittere
628 2487 736 2551 (inlinit.
752 2523 793 2535 —-
813 2487 873 2550 lam
896 2506 966 2550 vcro
986 2487 1015 2550 in
1037 2487 1072 2550 iis
1092 2486 1167 2569 ipsis
1188 2485 1286 2556 rebus,

125 2611 199 2674 quae
213 2601 316 2655 noster
330 2589 540 2654 oeconomicus
560 2589 732 2671 complexus
746 2597 803 2665 est,
822 2606 884 2651 non
905 2590 995 2652 nando
1015 2607 1163 2652 summam
1180 2585 1287 2668 ubique

125 2693 280 2756 exilitatem
295 2701 325 2755 ct
339 2693 425 2775 plana
439 2693 590 2756 mirificam
611 2690 794 2767 lueritatem,
816 2691 867 2754 scd
887 2710 1022 2774 magnam
1042 2709 1161 2773 quoque
1179 2698 1287 2753 tracta·

125 2795 215 2859 tionis
229 2793 460 2875 inaequalitatem
476 2793 743 2858 animadvertimus.
773 2793 846 2856 Nam
857 2792 949 2857 ulridc
961 2793 1012 2857 riri
1028 2804 1057 2857 ct
1072 2792 1202 2856 mulieris
1214 2809 1288 2856 con·
1421 2861 1427 2872 ,

1 2972 3 2977 ,
126 2897 274 2962 iunctione
288 2895 426 2978 loquitur,
439 2895 526 2960 ctiam
548 2897 579 2961 in
594 2915 698 2960 causas
717 2896 806 2960 huius
826 2895 1045 2960 coniunctionis
1065 2895 1121 2960 silri
1137 2895 1288 2978 inquiren-

125 3003 196 3065 dum
211 2998 330 3083 prumeit,
344 3017 452 3082 casque
465 3000 579 3082 positas
594 3019 660 3063 esse
676 2999 805 3063 ostendit
821 2999 926 3082 partim
942 2999 972 3062 in
988 2999 1140 3063 communi
1155 3000 1289 3063 omnium

124 3103 316 3170 animantium
342 3111 460 3176 natura,
483 3122 540 3184 qua
561 3101 747 3185 impellantur
764 3103 800 3165 ad
820 3101 864 3166 sui
884 3102 1024 3168 similium
1045 3103 1291 3184 procreationem,

126 3207 233 3292 partim
249 3205 280 3270 in
294 3205 414 3290 propria
428 3205 585 3270 hominum
603 3203 715 3282 indole,
730 3224 804 3287 quae
819 3204 885 3269 talis
901 3205 940 3271 sit
959 3205 1131 3286 inutraque
1150 3223 1236 3280 sexu,
1259 3211 1292 3266 ut

126 3311 198 3376 alter
212 3309 330 3374 alterius
346 3308 452 3374 utrxilie
468 3309 505 3374 ad
520 3307 595 3372 lrenc
610 3307 765 3372 vivendum
781 3307 923 3391 teutpert,
943 3307 1061 3392 sintque
1079 3308 1117 3372 ad
1142 3307 1196 3372 alia
1220 3307 1296 3370 ritae

127 3413 224 3478 cilicia
244 3413 313 3489 riri,
327 3413 363 3478 ael
384 3412 437 3477 alia
456 3412 594 3477 mulieres
609 3421 713 3477 natura
728 3432 782 3476 sua
797 3412 941 3496 aptiores:
962 3425 992 3477 et
1009 3413 1045 3476 ad
1067 3411 1201 3476 serbolcm
1217 3429 1294 3495 quo·

127 3535 185 3600 quc
199 3515 411 3600 procreandam
426 3515 563 3580 hemines
578 3533 640 3579 non
654 3535 690 3580 eo
705 3516 804 3581 solum
824 3515 965 3582 instinctu
981 3517 1092 3582 mereri
1100 3565 1109 3592 ‚
1124 3536 1184 3599 quo
1199 3524 1294 3579 cetera

127 3619 276 3696 animalia,
291 3627 325 3682 ut
337 3626 458 3684 naturae
476 3619 604 3683 semlant
621 3619 738 3700 generis
758 3619 986 3702 propagatione,
1007 3619 1059 3684 sed
1085 3619 1172 3684 etiam
1199 3619 1294 3684 mutui

129 3723 226 3789 auxilii
240 3731 270 3787 et
283 3721 416 3786 utilitatis
434 3740 451 3785 e
469 3721 569 3785 liberis
590 3721 794 3804 percipiendae
813 3740 910 3786 causa.
941 3723 1050 3785 Contra
1069 3721 1119 3786 ubi
1134 3723 1170 3786 ad
1191 3741 1293 3786 serro-

129 3845 196 3890 rum
212 3823 413 3890 tractationem
429 3821 553 3899 accedit‚
569 3821 641 3884 nilril
656 3823 693 3886 dc
708 3821 855 3886 servitutis
870 3831 974 3886 natura
993 3831 1023 3887 ct
1037 3823 1165 3904 origine,
1180 3823 1296 3888 iustane

130 3926 304 4002 ruminata,
324 3934 354 3990 et
367 3943 493 4008 quanam
508 3929 666 4006 utrumque
680 3924 864 3998 conditione,
880 3925 1044 3988 ammeio
1066 3943 1103 3988 an
1120 3943 1295 4008 supermea-

130 4029 290 4092 nereidem
305 4026 422 4102 deleat,
438 4026 573 4109 exponit,
589 4027 642 4091 secl
658 4043 719 4090 uno
737 4025 828 4090 verbo
844 4043 948 4089 serem
962 4018 1139 4113 κτημάτων
1160 4027 1298 4112 πρῶτον

131 4126 190 4196 καὶ
205 4121 467 4214 ἀναγκαιότατον
476 4127 526 4205 ait,
539 4129 619 4212 quod
634 4127 673 4194 ita
689 4127 860 4211 simpliciter
873 4136 903 4192 ot
916 4126 1028 4211 absque
1042 4128 1298 4194 demonstratione

131 4233 263 4315 positum
278 4249 341 4294 non
356 4229 503 4294 immerito
518 4229 709 4294 Philodemus
723 4228 919 4311 reprehendit.
948 4231 992 4294 Ac
1005 4229 1031 4294 ei
1046 4231 1114 4314 quis
1130 4232 1207 4298 lranc
1220 4252 1299 4316 quo·

133 4350 192 4414 quo
206 4328 435 4412 disputationem
450 4337 608 4411 propteroa
623 4330 764 4394 emissam
779 4347 846 4393 esse
865 4330 956 4409 dicat,
975 4333 1057 4414 qued
1075 4333 1107 4399 in
1121 4335 1253 4401 Politia-is
1270 4339 1299 4412 l,

133 4433 155 4495 2
170 4453 200 4514 p.
216 4429 330 4495 t-tt
345 4439 480 4494 accurrate
494 4441 668 4512 pertrectata
684 4429 784 4494 morit:
798 4431 885 4495 ctiam
901 4432 963 4512 ille,
977 4453 1052 4518 quae
1067 4437 1104 4501 de
1118 4437 1172 4504 riri
1188 4449 1218 4503 et
1231 4458 1301 4504 mu·

177 4531 226 4595 lll.
1057 4539 1097 4601 15
