3106 4958
733 410 771 473 11

651 495 854 520 ιι--ῃ-ο

120 685 127 702 ,
178 624 281 670 corum
305 623 453 670 reversum
474 626 551 671 esse.
599 607 730 671 Eandem
755 627 816 670 rem
834 607 920 671 etiam
941 605 1087 670 llomenrs
1106 608 1195 671 refert
1213 606 1269 671 (ld.
1288 608 1336 680 ll',
1427 645 1431 653 -

10 743 11 782 ,
95 708 97 712 ’
179 711 242 774 141
270 730 349 792 supp,
379 711 533 794 possitque
557 709 682 793 proinde
710 711 826 794 aliquis,
852 712 1032 776 Aristoteliae
1061 711 1182 775 rationis
1208 711 1337 792 ignarus,

177 805 351 892 Πτωχείας
377 833 495 896 quoquc
524 815 703 896 tragoediam
729 815 759 878 in
785 815 820 878 iis
846 835 1015 890 numerare,
1045 836 1119 898 «puae
1145 833 1180 876 ex
1205 815 1335 895 Odyssea

178 918 282 980 ductae
302 917 370 980 sint.
414 917 472 979 Sed
491 919 567 1000 apud
583 917 744 981 ilemerum
764 939 811 981 res
830 920 924 982 obiter
943 928 973 981 et
987 919 1017 981 in
1038 920 1172 1000 episudio
1198 921 1335 996 traditan

178 1019 255 1099 apud
271 1020 402 1082 Lcscben
422 1032 524 1084 eontra
544 1019 573 1084 in
594 1021 630 1084 iis
651 1021 716 1094 luit,
734 1039 857 1103 quarum
877 1021 953 1084 serie
971 1021 1068 1102 ipsum
1090 1023 1228 1085 carminis
1247 1043 1334 1104 argu-

64 1121 65 1124 ’
178 1129 310 1183 mentum
329 1141 363 1184 ac
380 1141 497 1185 summa
521 1122 738 1186 continebatur:
764 1123 900 1204 idemque
919 1125 955 1186 de
972 1125 1074 1186 ceteris
1100 1124 1255 1188 dicendum
1280 1137 1335 1199 est,

179 1243 253 1304 qtras
283 1243 316 1286 en
344 1223 429 1286 Iliade
459 1243 547 1307 parra
572 1226 743 1307 desumptas
767 1227 868 1306 tragici
897 1237 1002 1308 poetae
1027 1234 1166 1290 tractasse
1191 1227 1335 1291 dicuntur.

179 1328 315 1392 Proxiarra
340 1337 385 1390 est
404 1323 587 1391 Λακαινῶν
606 1327 713 1403 lalanda,
738 1348 797 1410 quo
823 1329 906 1392 titudo
926 1329 1083 1412 Sophoclis
1103 1330 1251 1410 tragoedia
1273 1331 1336 1404 luit,

180 1451 267 1514 apuam
288 1429 317 1492 in
337 1429 426 1492 rebus
442 1428 533 1492 iliacis
549 1441 692 1494 uersatam
707 1451 773 1493 esse
791 1449 883 1493 unum
903 1442 980 1494 certe
996 1434 1189 1512 fragmentum
1206 1441 1337 1508 testatur,

179 1553 329 1617 «perumque
342 1532 378 1596 ab
394 1531 547 1595 Aristotele
561 1533 633 1596 baec
647 1535 796 1615 tragoedia
811 1535 908 1599 statim
928 1545 998 1616 pest
1012 1527 1186 1615 Παοχιίαν
1201 1535 1337 1598 nomine·

179 1648 239 1712 tur,
259 1655 377 1701 summo
393 1637 455 1699 iure
469 1648 672 1718 argenteorum
693 1637 756 1700 eius
776 1659 810 1700 eu
830 1659 863 1700 ea
882 1649 964 1720 parte
979 1638 1075 1700 iliadis
1094 1657 1198 1720 parrae
1216 1639 1335 1702 ductuum

180 1761 247 1802 esse
262 1739 408 1812 statuitur,
427 1740 464 1802 de
484 1759 540 1821 quta
559 1741 589 1803 in
605 1742 700 1804 Procli
720 1741 848 1822 epitome
866 1741 1025 1822 postillam
1042 1739 1232 1803 mendicantis
1249 1741 1337 1803 Ulixis

180 1842 410 1922 spoculationem
425 1843 561 1904 refertur:
581 1836 639 1904 καί
660 1840 744 1922 μετὰ
765 1839 869 1904 raiae
897 1833 1071 1916 Ὀδυσσείῃ·
1092 1837 1150 1904 σίν
1171 1837 1338 1927 Διομήδει

180 1940 219 2006 ad
231 1934 426 2006 Παλλάδιον
440 1935 607 2024 ἐκκομίζει
621 1937 658 2006 ἐκ
672 1940 731 2028 τῆς
741 1935 852 2007 Ἰλίου.
885 1943 985 2024 Nerpte
999 1945 1077 2006 enirn
1093 1943 1217 2006 dubitari
1233 1955 1339 2026 potest,

180 2048 251 2128 ‹pdn
265 2046 361 2110 Ulixes
373 2046 460 2108 etiam
476 2045 504 2108 in
515 2046 572 2109 boc
586 2049 664 2110 lurte
676 2045 793 2109 Palladii
805 2046 928 2109 llslenar
943 2046 1050 2110 atrailio
1065 2065 1138 2108 tastis
1153 2046 1200 2119 sit,
1215 2065 1339 2128 οοοοοοι
1428 2032 1431 2038 ’

181 2161 263 2214 antea
280 2149 316 2212 de
328 2147 440 2212 excidio
454 2149 534 2213 urbis
550 2152 775 2230 conspiraverat,
789 2140 969 2226 Λακαίνας
979 2161 1075 2213 autem
1088 2149 1205 2212 ancillas
1217 2149 1341 2212 intenae

181 2251 440 2334 interpretabimur
466 2271 501 2314 ex
527 2252 653 2316 Larorria
687 2255 787 2316 beram
822 2253 1022 2324 errrnitatasil.
1074 2253 1210 2333 Sequitur
1239 2243 1340 2315 Ἰλίοι·

182 2352 314 2441 πέρσας,
350 2374 410 2437 οοο
446 2355 566 2417 numine
601 2355 764 2434 tragoedias
795 2355 981 2437 inscripsisse
1015 2355 1151 2418 dicuntur·
1178 2356 1340 2436 (luephon.

183 2460 310 2540 lapiton,
337 2459 581 2534 Nicomaclnrsll.
630 2459 740 2522 Eodem
766 2458 886 2522 noratine
905 2459 991 2522 etiam
1018 2477 1124 2540 parrae
1149 2457 1245 2520 lliadis
1268 2458 1340 2520 liber
1357 2460 1386 2514 n

181 2571 350 2644 praestrenuus
376 2582 391 2624 a
419 2561 593 2644 tpdlnrsdam
619 2561 756 2645 appellari
782 2562 886 2625 solitus
912 2582 978 2624 esse
1003 2563 1170 2638 detereret,
1197 2561 1340 2624 excidium

181 2666 263 2728 urbis
282 2684 389 2746 resque
410 2685 477 2728 cum
497 2686 533 2727 eo
552 2665 722 2728 coniunctas
747 2666 933 2747 complexus,
953 2665 1029 2726 unde
1054 2677 1194 2744 ‹puantum
1218 2667 1341 2747 quisspn·

182 2768 360 2845 tragicorum
381 2767 410 2830 in
433 2767 611 2848 tragoediam
632 2787 715 2831 suam
732 2769 921 2842 transtulerit,
941 2768 1009 2830 seiri
1025 2785 1085 2829 οοο
1102 2778 1208 2849 potest.
1253 2768 1341 2830 bico-

182 2869 278 2933 macbi
294 2869 411 2950 quidem
424 2861 521 2932 Ἰλίου
545 2863 664 2952 πέρσας
684 2871 770 2932 etiam
791 2870 847 2933 alio
867 2869 987 2932 nominc
1006 2870 1180 2952 Polyxena
1200 2869 1341 2932 inscribe·

181 2973 282 3035 batur:
303 2979 448 3034 versatam
472 2971 560 3050 igitur
583 2982 703 3053 apparet
722 2971 752 3034 in
767 2971 928 3052 Polyaenon
947 2972 1104 3046 sacrificio,
1123 2973 1160 3035 ‹le
1179 2991 1239 3052 quo
1257 2971 1342 3034 otiam

182 3074 211 3137 in
227 3093 315 3157 parm
331 3072 418 3135 iliade
432 3073 555 3135 relatum
569 3072 674 3148 luisse,
690 3074 756 3137 lieet
771 3093 858 3138 nemo
875 3082 1011 3148 testetur,
1029 3075 1074 3138 vix
1090 3085 1187 3138 tanam
1198 3073 1343 3136 dubitabi-

127 3227 129 3232 .
183 3189 239 3242 tur.
285 3177 359 3240 Nam
379 3175 477 3240 Procli
497 3174 644 3259 epitomen
665 3196 727 3240 non
748 3176 838 3240 totius
858 3178 1009 3252 camainis,
1033 3178 1084 3241 sed
1104 3177 1213 3262 prioris
1231 3187 1342 3240 tantum

183 3282 274 3364 partis
289 3279 483 3345 summarium
498 3279 634 3343 celtibera
653 3291 776 3344 constat.
820 3272 1018 3358 bradelece
1031 3281 1177 3364 tragoedia
1191 3281 1343 3343 cuiusnam

183 3393 287 3469 punctae
306 3394 336 3449 et
357 3401 486 3466 peronam
507 3382 627 3467 proprie
647 3396 819 3464 argumento
835 3385 934 3461 luerit,
947 3386 1129 3467 ignoramus.
1174 3384 1344 3448 Sinonem

184 3487 347 3570 Sophocles
367 3481 498 3570 scripsit:
519 3487 661 3562 fabulam,
680 3490 795 3569 qualern
812 3487 952 3570 Vergilius
973 3489 1058 3554 babet
1071 3487 1206 3554 deneidis
1221 3487 1295 3552 libro
1311 3486 1344 3560 ll,

183 3592 270 3656 etiam
287 3591 315 3654 in
335 3609 424 3674 parm
443 3590 529 3653 llisde
545 3591 635 3654 luisse
652 3609 715 3655 non
730 3603 775 3656 est
790 3592 869 3674 quod
886 3592 1043 3657 dubitetur.
1087 3593 1128 3657 llo
1143 3590 1344 3655 Troadibus

185 3694 323 3777 denique,
342 3691 525 3757 nobilissima
542 3693 688 3776 Euripidis
708 3695 869 3776 tragoedia,
883 3695 979 3759 elicere
994 3697 1065 3760 nibil
1080 3695 1189 3760 attinet.
1204 3729 1247 3742 -
1261 3697 1345 3758 Cete-

185 3817 251 3863 rum
270 3797 322 3880 qui
340 3795 409 3860 ibud
429 3795 466 3859 de
482 3795 567 3860 iliade
585 3805 614 3860 et
628 3797 760 3879 odyssea
783 3797 1000 3874 testimenium,
1024 3797 1102 3862 idem
1120 3797 1239 3862 criticus
1258 3797 1344 3860 edam

185 3901 262 3965 banc
290 3901 391 3965 decern
422 3899 637 3980 tragoediarum
667 3900 917 3967 enumerationem
942 3902 1129 3966 uehementer
1155 3899 1345 3984 impugnavit,

254 4176 280 4239 6)
299 4175 341 4228 sie
353 4176 428 4228 etiam
442 4173 573 4228 walt-ker.
585 4173 603 4227 1.
615 4175 633 4226 1.
645 4181 705 4229 ton.
718 4173 736 4228 1.
749 4192 772 4245 p.
787 4175 843 4228 115.

256 4261 281 4324 ’1)
301 4257 844 4329 8α11.ι.νοααα111α1αα.ρ.2·18ε1311.
1368 4271 1371 4276 ·

188 4427 229 4483 Η
249 4344 338 4500 ιῗ13ξ1.
355 4343 591 4399 rawennate
609 4345 675 4414 cycl.
691 4362 716 4415 p.
733 4345 775 4400 81.
814 4341 915 4397 went.
932 4345 964 4396 de
979 4345 1045 4414 apel.
1061 4343 1081 4400 1.
1097 4363 1122 4416 p.
1139 4347 1199 4400 ata.
1234 4346 1348 4400 nauus.
