3078 4954
646 457 806 558 ,ΛΡ-3..

154 643 295 728 regnanti.
311 662 365 710 neo
383 645 485 728 puniet
498 654 622 728 propter
637 643 735 727 ignem
751 643 824 707 dom
836 655 1006 726 surreptum
1018 643 1178 725 dammque
1188 641 1320 706 homini-

154 747 233 812 ouer
261 746 435 812 Dominntor
450 747 552 812 mundi
572 755 619 811 eet
638 747 783 829 iuppiter,
803 766 858 829 pro
873 746 994 812 arbitrio
1009 765 1067 811 ouo
1082 755 1186 810 eundo
1205 761 1322 824 regens.

155 842 235 937 παρ’
249 843 356 936 iovrqi
369 846 410 916 τὸ
421 843 553 916 δίκαιον
563 843 655 932 ἔχων,
667 869 755 932 osper
765 850 893 914 novitate
904 850 1031 931 imperii,
1046 841 1140 926 ἅπας
1153 841 1192 912 δὲ
1202 841 1323 933 τραχῦς

156 949 252 1032 ὅστις
279 943 320 1019 dv
341 949 411 1020 νέον
431 951 549 1043 κρατῇ,
574 974 669 1037 eoque
684 954 879 1028 inexorabilis,
904 944 1046 1039 ἀκίχητα
1067 947 1130 1035 γὰρ
1151 941 1242 1036 ἤθεα
1263 943 1322 1012 καὶ

155 1051 233 1144 κέαρ
255 1047 485 1140 ἀπαράμυθον
512 1049 594 1138 ἔχετε
624 1066 753 1120 ceterum
779 1075 835 1120 nee
860 1057 920 1119 toto
949 1055 1044 1119 maior
1072 1073 1128 1117 neo
1154 1055 1322 1118 tutmonm

158 1159 291 1225 omnium
307 1177 427 1242 gnerus.
471 1160 582 1224 Similia
596 1159 720 1240 legimus
736 1159 767 1223 in
781 1158 993 1223 Eumenidibuo
1009 1177 1035 1220 r.
1047 1157 1122 1220 620.

559 1257 602 1326 τὰ
625 1251 727 1324 r'dtt'
749 1253 818 1325 dioro
838 1281 876 1326 ττ
897 1255 956 1325 καὶ
978 1253 1070 1324 κάτω

357 1360 509 1453 στρέφων
529 1357 669 1452 τίθησιν
691 1355 794 1444 σι’-δέν,
818 1355 950 1449 ἀσμένῳ
971 1356 1113 1444 μένετ’).

156 1469 311 1535 Eiusmodi
330 1468 480 1552 ingenium
500 1468 607 1534 durum
635 1467 754 1552 quidem
773 1478 867 1532 estet
885 1468 1060 1543 violentum,
1080 1467 1134 1531 red
1149 1465 1222 1530 nihii
1236 1464 1325 1528 habet

157 1573 298 1656 ignaviae,
312 1573 385 1637 nihil
400 1573 480 1656 quod
494 1572 647 1655 indignum
661 1582 712 1637 aut
726 1571 899 1638 indecorum
913 1571 952 1636 sit
962 1572 1022 1654 regi
1035 1572 1168 1636 deorum.
1196 1571 1323 1634 Seuerus

157 1687 216 1742 ert:
242 1677 382 1741 seueritas
397 1686 510 1753 eutem,
530 1679 586 1741 etei
606 1695 668 1740 non
688 1686 817 1753 emetur,
836 1687 934 1740 tomen
953 1695 1007 1757 per
1026 1696 1058 1739 oe
1073 1695 1110 1740 ne
1129 1673 1190 1738 odii
1205 1674 1324 1757 quidem

157 1799 276 1845 murem
291 1779 386 1844 hebet.
429 1779 484 1844 Cui
498 1780 636 1844 troriitum
656 1788 703 1844 est
718 1799 818 1844 rerum
838 1780 972 1844 omnium
995 1778 1164 1852 arbitrium.
1185 1779 1248 1841 iure
1267 1797 1324 1840 ouo

158 1883 286 1966 postuint
301 1892 334 1945 ut
349 1881 404 1944 nihi
420 1881 586 1956 obediatur3
601 1881 664 1945 iure
678 1900 734 1945 ouo
750 1883 838 1946 etiam
853 1900 915 1945 oon
931 1882 1114 1946 obedientem
1130 1881 1228 1963 punit:
1243 1880 1324 1962 quod

158 1986 185 2049 ei
197 1985 375 2049 Prometheo
390 1984 607 2048 crudelissimus
618 1985 771 2066 imponere
781 2001 893 2065 poento
903 1984 1059 2059 ridebitur,
1074 2001 1135 2046 non
1147 1983 1326 2046 obliviscen-

159 2089 231 2152 dum
246 2096 293 2151 eot
306 2087 487 2150 immortales
502 2107 570 2151 esre
584 2087 674 2169 etqui
689 2085 774 2167 punit
788 2095 818 2149 et
832 2087 883 2169 qui
899 2087 1030 2168 punitur,
1044 2095 1077 2149 ut
1091 2085 1195 2166 poeuis
1207 2103 1328 2166 quoque

3 2193 4 2200 ’
74 2229 78 2237 ·
159 2210 221 2257 non
241 2191 372 2274 potuerit
390 2188 586 2254 Prometheus
601 2189 738 2272 qualibus
755 2189 832 2252 inter
850 2189 988 2253 mortales
1007 2190 1110 2251 ehioir·
1156 2187 1236 2250 Sunt
1254 2205 1328 2248 mne

158 2297 231 2358 hone
245 2293 344 2356 omnin
358 2293 521 2369 verissimo,
537 2292 590 2357 ted
604 2303 675 2357 eunt
689 2293 776 2357 etium
787 2295 861 2357 odeo
877 2292 962 2374 pinne
974 2301 1004 2355 et
1017 2291 1188 2374 perspicuo,
1207 2299 1239 2352 ut
1253 2288 1328 2352 nihii

158 2415 262 2462 eorum
277 2413 340 2460 non
355 2395 395 2460 sit
412 2414 429 2460 o
445 2416 493 2460 me
507 2414 626 2479 quoque
641 2395 881 2460 animadversum
896 2405 927 2458 et
940 2395 1118 2477 expositum.
1155 2393 1228 2456 Nam
1243 2391 1326 2473 quod

160 2503 294 2582 ingratus
312 2498 422 2581 iupiter
440 2498 618 2563 Prometheo
638 2497 783 2572 ridentur,
803 2515 864 2560 noo
885 2497 993 2560 mirum
1009 2515 1085 2571 esre,
1101 2513 1197 2577 neque
1211 2493 1241 2558 id
1255 2513 1328 2575 per-

160 2621 278 2666 movere
292 2619 349 2664 noo
365 2618 456 2682 poure
469 2608 503 2665 ut
516 2600 595 2663 idom
610 2598 783 2674 iudicemus,
796 2599 898 2663 monui
913 2599 978 2661 libri
994 2598 1051 2661 mei
1066 2617 1096 2680 p.
1112 2597 1163 2670 30,
1178 2605 1208 2660 et
1219 2596 1249 2659 in
1261 2595 1329 2678 ipsa

160 2705 294 2787 Aeschyli
321 2701 471 2784 tragoedia
492 2720 531 2765 oe
555 2720 608 2765 eoo
630 2702 763 2785 quidem,
789 2703 839 2785 qui
854 2699 1022 2765 Promethei
1043 2699 1220 2783 supplicium
1239 2717 1330 2779 aegre

160 2811 269 2884 terent,
294 2804 467 2870 iniustitiam
488 2804 547 2868 lori
568 2805 748 2886 exprobrem
767 2804 882 2868 ostendi
897 2822 927 2885 p.
944 2803 995 2866 31.
1038 2803 1151 2866 Durum
1172 2802 1253 2864 ihum
1267 2799 1329 2863 dici

162 2920 191 2974 et
205 2907 417 2992 impheobiiem
439 2907 580 2970 ndrerrue
600 2927 668 2983 eor,
695 2907 745 2989 qui
768 2905 894 2990 imperio
921 2923 977 2969 ouo
1003 2903 1189 2978 obnitunturr
1207 2902 1236 2966 id
1256 2921 1329 2967 vero

161 3031 284 3078 neeesse
300 3009 391 3075 inisse
402 3007 433 3072 in
448 3027 526 3074 noro
542 3009 676 3093 irnperio,
688 3009 768 3093 quod
783 3008 918 3074 (delituerit
933 3017 1035 3074 corrtro
1046 3005 1178 3090 quemvis
1189 3006 1329 3071 rebeliem

162 3117 277 3206 fortiter
300 3111 436 3179 etobiiiri:
456 3133 511 3197 pru
538 3113 658 3179 arbitrio
686 3132 741 3178 suo
762 3123 866 3178 nunotn
885 3131 1001 3196 rogere3
1023 3111 1074 3176 sot
1098 3109 1239 3174 iniustum
1261 3109 1332 3174 iliud

162 3220 315 3285 arbitrium
331 3226 447 3300 praeter
461 3218 672 3283 Prometheum
689 3227 777 3301 utque
793 3217 825 3281 io
839 3216 951 3281 nemini
966 3215 1070 3280 videri:
1090 3233 1184 3297 porro
1200 3231 1257 3278 neo
1271 3216 1333 3277 fato
1468 3275 1472 3283 ,

163 3323 306 3389 maiorem
333 3339 430 3403 neque
457 3322 624 3386 futurorum
646 3321 780 3385 omnium
802 3339 942 3404 qnorum,
967 3317 1217 3402 quemadmodum
1240 3337 1334 3400 supra

162 3427 223 3490 diri
239 3445 268 3508 p.
285 3426 315 3498 6,
332 3423 370 3487 ito
386 3424 472 3488 etiem
485 3425 516 3488 in
531 3424 606 3488 libro
621 3423 671 3488 illo
687 3423 821 3506 exposui.
847 3423 889 3488 De
902 3425 965 3487 oola
981 3410 1152 3486 erudelitote
1166 3439 1334 3502 poenorum

162 3529 254 3605 ueni,
273 3525 383 3610 quippe
402 3545 490 3608 quoe,
510 3527 536 3591 oi
555 3545 618 3591 oon
633 3536 711 3591 esset
732 3525 874 3590 oiuotitia
889 3527 1030 3600 seiuncta,
1047 3523 1254 3588 derideretur
1269 3525 1333 3589 ord·
1353 3543 1383 3596 m

164 3629 227 3714 pori
252 3630 283 3693 in
306 3629 361 3692 deo
383 3637 486 3693 eontra
506 3631 594 3694 deum
615 3649 720 3712 poeoe3
745 3629 798 3692 red
823 3646 886 3693 non
905 3647 990 3711 aegre
1009 3630 1072 3692 iero
1086 3627 1173 3690 etiem
1188 3627 1277 3692 huius
1292 3626 1336 3690 rei

164 3731 385 3798 exeusationem
403 3730 440 3793 oh
456 3731 628 3796 Hermanno
647 3751 709 3796 non
735 3732 989 3814 praetermissam.
1032 3731 1110 3806 Quid
1130 3729 1219 3811 igitur
1237 3730 1338 3793 ditiert

166 3837 245 3902 inter
266 3854 314 3899 nro
328 3843 416 3916 utque
430 3831 535 3897 illumi
560 3833 637 3898 Nihil
652 3835 799 3918 proiecto,
812 3833 871 3896 nini
883 3833 964 3914 quod
978 3831 1025 3896 iile
1040 3851 1129 3896 suurn
1145 3830 1243 3895 iorem
1258 3851 1336 3894 oon·

166 3938 264 4003 venire
278 3935 453 4020 hesohpieoe
467 3938 642 4018 tragoediae,
657 3956 713 4019 eqo
728 3955 790 4002 uon
808 3937 965 4000 conventre
979 3935 1087 4000 iudioo.
1129 3933 1225 3998 liuius
1245 3933 1338 4016 igitur

165 4039 363 4106 dimensionis
388 4059 507 4117 eeuonr,
533 4041 675 4124 quoniorn
696 4041 882 4105 hermannus
907 4047 958 4104 out
976 4056 1038 4103 non
1064 4037 1268 4102 utrimndrertit
1286 4049 1339 4103 out

165 4143 443 4219 metonomiam
459 4163 513 4226 eqo
528 4145 668 4228 operiam.

234 4393 260 4461 8)
277 4391 315 4448 ho
337 4391 442 4446 reduxit
457 4391 614 4445 homonum
629 4391 757 4460 rolpoto·
779 4389 927 4458 terdonen,
946 4385 1033 4446 oidir
1051 4384 1226 4464 ἀσθμαίνων
1243 4391 1340 4464 pom

166 4496 254 4553 perun
266 4479 440 4550 protritum,
451 4493 507 4532 noo
518 4477 619 4546 qutten
630 4479 732 4534 touton
