3106 4958
709 457 750 523 51

151 663 246 730 neque
260 644 384 711 certiora
398 654 469 711 sunt
482 644 590 712 indicia
604 645 730 710 alionum
744 645 914 723 nominum,
932 643 1040 728 quibus
1054 663 1143 710 unam
1158 643 1314 710 alteramve

151 760 266 832 porum
282 759 420 835 tanquam
436 750 615 835 singularem
629 758 658 815 et
672 769 688 815 a
703 750 808 814 ceteris
820 751 1011 832 septemnelnm
1026 750 1160 816 denouri
1174 771 1191 815 a
1205 749 1312 814 veteri·

151 853 208 917 bus
230 854 394 920 voluemnt.
427 855 520 921 Veluti
544 855 624 938 quoi
648 853 725 937 apud
746 853 921 917 Pausaniam
945 854 982 918 sle
1002 853 1183 919 Boeotorum
1204 852 1312 917 iudicio

150 956 284 1038 legimus,
311 957 359 1034 lli,
385 957 436 1034 ³1,
462 959 497 1022 3:
522 951 648 1023 noricos
681 951 759 1036 (reis
780 945 919 1041 Ἔργων)
951 951 992 1020 τὸ
1021 951 1056 1035 ἐς
1079 955 1142 1035 τὰς
1167 952 1313 1035 Μούσας

150 1050 337 1147 &puteolos
362 1053 554 1144 προοίμιον,
587 1053 687 1146 ἀρχὴν
711 1055 770 1146 τῆς
796 1053 967 1144 ποιήσεως
992 1047 1078 1124 εἶναι
1103 1055 1147 1124 τὸ
1174 1053 1214 1136 ἐς
1243 1055 1314 1138 seig

147 1151 311 1247 Ἔριδας
337 1150 424 1226 εἶναι
445 1155 605 1246 λέγοντες,
633 1162 706 1228 niun
724 1162 801 1226 aliud
820 1160 980 1242 significet,
1001 1182 1090 1245 quom
1110 1163 1227 1244 genuini
1246 1183 1312 1228 car·

150 1265 240 1329 minis
254 1265 369 1330 initiunt
384 1266 448 1329 lieri
462 1265 499 1329 ab
510 1265 632 1331 Eritium
648 1266 939 1342 commemoratione,
953 1285 1014 1330 non
1029 1275 1126 1330 auteur
1142 1267 1312 1330 tralaticium

150 1367 209 1432 lmc
223 1369 315 1432 luisse
325 1368 436 1452 primae
447 1369 538 1452 partie
555 1389 674 1446 nouscn,
689 1389 749 1453 quo
761 1381 825 1434 eam
840 1390 857 1434 e
872 1369 976 1433 ceteris
991 1371 1188 1452 emungerent.
1213 1370 1313 1452 Neque

150 1471 244 1554 magis
262 1491 299 1536 er
319 1493 370 1547 eo,
388 1473 468 1554 quod
488 1472 649 1550 Lucienus,
670 1472 788 1536 llesiosl.
809 1491 834 1536 c.
861 1474 892 1547 l,
910 1483 1028 1556 poetmn
1048 1473 1256 1554 composuisse
1274 1473 1314 1536 ait

151 1567 410 1658 παραινέσεις
424 1571 654 1662 γεωργικὰς,
670 1570 727 1640 καὶ
743 1569 809 1640 ὅσα
823 1570 916 1659 περὶ
933 1568 1155 1653 Πλειάδων,
1175 1569 1233 1639 καὶ
1248 1566 1314 1640 ὅσα
1398 1609 1402 1616 -

151 1671 244 1762 περὶ
275 1674 423 1761 καιρῶν
455 1669 599 1759 ἀρότου
631 1671 700 1742 καὶ
732 1669 884 1763 &pirineo
912 1673 971 1742 καὶ
1004 1673 1097 1760 περὶ
1123 1673 1227 1742 πλοῦ
1254 1672 1313 1741 καὶ

151 1773 237 1856 ὅλως
256 1778 321 1843 τῶν
341 1770 448 1842 ivo»
473 1771 642 1857 ἁπάντων,
669 1781 726 1845 lsos
751 1781 953 1862 peculiares
980 1781 1103 1844 titulos
1129 1781 1310 1862 singulorum

80 1957 81 1962 γ
150 1881 278 1962 portium
294 1883 419 1945 uslutoe
434 1881 524 1944 luisse
545 1881 724 1963 colligemus.
767 1881 849 1945 illitto
864 1881 917 1944 alis
932 1883 1064 1945 eiusdem
1080 1882 1206 1962 generis,
1218 1900 1313 1962 quen·

97 2033 99 2038 .
150 1983 311 2066 sicquidem
325 1985 384 2047 lmc
397 1983 468 2046 milri
491 2003 547 2066 pro
561 1992 642 2047 certo
657 1986 802 2048 allinume
816 2001 906 2064 pomo
921 1982 1029 2058 uideor,
1042 1983 1113 2046 nihil
1127 2002 1194 2046 esse
1208 1983 1239 2044 io
1253 1993 1312 2046 tam
1329 1999 1346 2052 s

150 2087 250 2152 multis
268 2097 399 2151 vetemm
416 2086 611 2162 citationibus,
629 2087 708 2151 unde
727 2085 867 2168 cognosci
886 2095 966 2149 cento
992 2085 1101 2169 possit,
1126 2085 1195 2167 quisi
1221 2085 1257 2148 iis
1276 2085 1314 2148 sie

150 2189 283 2271 pertibus
298 2189 387 2255 huius
399 2189 538 2254 carminis
553 2209 712 2272 earumque
726 2187 944 2270 compositione
957 2188 1054 2251 uisum
1073 2189 1121 2250 sit.
1149 2185 1240 2251 llulte
1256 2187 1313 2250 mi·

151 2309 209 2354 nus
224 2299 323 2354 eutem
338 2290 408 2354 illud
424 2292 483 2354 ullo
498 2301 548 2356 aut
563 2291 732 2355 testimonio
743 2300 793 2356 eut
806 2301 979 2372 argumento
994 2289 1191 2354 demonstrari
1205 2299 1315 2372 potest,

152 2393 237 2456 aliem
257 2403 287 2456 et
305 2393 341 2456 eb
361 2393 428 2470 inec,
446 2411 535 2476 quem
554 2411 611 2457 nos
632 2402 805 2468 tractamus,
828 2393 989 2457 cinaedum
1009 2391 1155 2456 diuersum
1174 2391 1314 2455 carminis

152 2498 277 2560 sormam
303 2495 364 2559 ullo
389 2505 523 2578 ternpore
541 2495 689 2560 veteribus
715 2504 815 2558 notam
842 2495 941 2559 luisse.
983 2497 1169 2577 Quousquom
1190 2495 1316 2559 ll'oliius

152 2598 272 2680 quidem
292 2598 374 2661 aliter
396 2598 552 2678 stutuitllr
578 2615 674 2673 „non
698 2607 833 2661 tautum
852 2597 962 2662 iurati
982 2598 1190 2679 corporis“,
1212 2597 1316 2679 iuquit,

153 2701 238 2776 „sed
254 2709 289 2762 ct
303 2701 494 2782 amplioris
509 2699 632 2781 operis
646 2698 806 2780 exiguom
821 2701 1172 2781 superesse-ruinam
1187 2699 1316 2763 docent

152 2801 332 2877 lleniliue,
346 2803 500 2876 Plinius,
514 2802 590 2876 alii,
608 2820 713 2883 quum
728 2820 768 2864 ex
783 2800 843 2863 illo
857 2803 1017 2864 allerunt
1030 2801 1145 2882 plura,
1164 2818 1313 2882 puerum

154 2921 248 2966 nune
262 2921 326 2967 nee
340 2905 418 2967 sola
439 2903 707 2984 neevcstigium
728 2912 890 2983 apparo-13
910 2901 983 2964 uisi
1002 2903 1082 2982 quis
1098 2913 1229 2965 tonsore
1244 2901 1315 2964 lin·

154 3013 226 3085 get,
241 3006 305 3068 lsoe
320 3005 361 3068 de
375 3006 519 3069 diverso
540 3003 695 3067 carnsine
714 3001 869 3065 testeri.“
904 3001 991 3082 Atqui
1005 3003 1065 3065 lroc
1078 3003 1159 3084 ipse,
1179 3002 1258 3084 quon
1274 3001 1313 3064 illi

155 3114 265 3170 temere
279 3107 349 3188 tingi
366 3105 523 3182 ridebotur,
538 3105 610 3169 uiluil
625 3105 684 3170 seri
698 3105 822 3168 similius
836 3111 895 3178 est,
909 3103 1130 3186 iudiceruutque
1144 3103 1188 3166 sic
1202 3113 1231 3166 et
1245 3103 1316 3166 elios

154 3208 348 3287 nonnose),
367 3219 396 3273 et
414 3219 517 3272 nostre
537 3208 680 3272 memoria
698 3207 865 3288 llugiusll,
884 3205 1117 3288 Goottlingius⁸l
1145 3205 1250 3287 aliique
1263 3205 1318 3269 siri

155 3308 329 3384 electissimi,
344 3311 395 3390 qui
411 3310 506 3374 maius
521 3309 670 3391 quoddam
686 3327 804 3374 carmen
825 3308 993 3390 georgieum
1008 3326 1088 3371 nunc
1102 3307 1318 3389 depenlitunsa

155 3409 300 3474 veteribus
315 3408 446 3473 lleeiorlo
466 3410 607 3474 miletum
626 3411 717 3474 luisse
735 3410 808 3473 milri
827 3411 945 3492 quidem
961 3410 1180 3492 propemodum
1194 3428 1319 3492 persua·

156 3519 268 3575 serunt.
298 3511 357 3574 Sed
377 3511 397 3574 ii
416 3531 549 3594 quoque,
568 3511 618 3594 qui
633 3513 692 3576 hoe
709 3513 809 3576 nunus
824 3511 960 3594 probent,
975 3512 996 3574 1
1011 3513 1159 3592 croam
1176 3523 1207 3576 et
1221 3512 1321 3575 liaris·

225 3697 251 3766 5)
270 3699 308 3750 Aul
324 3698 426 3752 llesiosli
441 3699 545 3753 Soumrrs
562 3700 637 3753 llere.
654 3717 678 3768 p.
697 3700 730 3752 tn
746 3701 786 3752 esl.
803 3699 884 3752 lisele.
899 3727 935 3740 -
950 3699 1007 3753 Non
1024 3701 1102 3752 aliter
1118 3707 1179 3752 aste
1195 3695 1319 3750 steten·

153 3781 316 3837 narencium
332 3785 495 3838 iudicaverat.
518 3783 576 3838 vit.
589 3785 644 3836 eius
661 3784 864 3837 ormentionem
882 3785 1006 3853 „Uelsee
1021 3785 1072 3836 elie
1090 3781 1246 3838 (indicite
1263 3783 1321 3834 ies
1447 3803 1450 3809 ’

156 3869 335 3922 nestorem
346 3870 372 3923 in
384 3870 525 3924 lleekseir.
541 3869 566 3922 1.
577 3865 636 3933 ligi.
648 3867 729 3922 Atat.
740 3868 765 3921 1.
779 3867 938 3922 wiorenses.
955 3885 988 3922 su
1000 3869 1123 3922 iliades
1136 3867 1155 3922 1.
1167 3867 1192 3920 i.
1202 3867 1227 3919 «1.
1241 3863 1322 3918 teta·

76 4037 82 4048 Ι
156 3955 226 4026 pte
238 3963 290 4008 nel.
304 3955 344 4010 tu.

34 4549 83 4570 A*

223 4039 250 4108 6)
268 4039 442 4096 latrocimis
455 4043 486 4097 0.
498 4050 526 4096 et
537 4041 568 4097 u.
579 4057 634 4110 cap.
646 4039 681 4094 tv
693 4057 717 4110 p.
729 4039 780 4092 641
792 4054 846 4109 sqq.
857 4040 889 4094 eu
901 4039 1025 4094 boensem

225 4127 251 4192 ¹1)
268 4126 297 4181 ls
308 4129 516 4184 attestatione
527 4143 600 4198 qaam
612 4127 740 4194 inscripsit
752 4125 853 4178 licsieii
865 4124 934 4198 ἔργα
944 4121 1063 4198 porcile.
1087 4125 1206 4195 Friisrg.
1221 4124 1297 4180 18³5.

225 4213 251 4280 8)
269 4211 380 4268 l'raelst.
396 4215 429 4268 si
442 4214 543 4268 lissietl.
559 4231 584 4284 p.
597 4209 720 4268 xxxiv.
731 4239 768 4254 -·
778 4211 893 4266 Aliorum
909 4214 1010 4268 aonias
1026 4222 1205 4268 een-emt
1221 4213 1326 4268 rem·

159 4298 270 4353 eeleffel.
282 4299 301 4352 1.
312 4315 370 4353 mox
383 4301 523 4354 teutones.

198 4385 252 4528 ⁸⁵0)
270 4383 298 4440 le
314 4385 457 4442 Zlnnern.
468 4386 557 4444 utun.
572 4387 697 4458 autigaae.
714 4385 840 4442 zeitselsr.
857 4385 1160 4445 immaturius.
1176 4405 1236 4444 ιιι.
1256 4387 1323 4443 1818

160 4492 187 4528 ι.
244 4489 300 4546 sqq.

1067 4569 1107 4634 4.
