3092 4964
699 552 704 560 .
753 465 836 560 .¹9⁸
892 551 901 558 ..

225 683 314 748 quum
330 659 468 745 opposita
483 659 559 720 inter
578 675 612 720 se
626 655 698 720 baec
711 656 771 718 duo
788 653 921 718 membra
935 671 1001 714 esse
1016 661 1165 733 agnoscat,
1179 671 1242 716 noo
1257 653 1318 717 sint
1331 672 1385 718 eu-

224 779 283 830 tera
298 767 377 830 inter
392 784 424 826 se
439 760 575 844 opposita
591 749 739 844 ὁρκίοισι
759 752 821 839 μὲν
843 748 949 837 ζογείς
970 763 1000 817 et
1021 749 1112 818 crois
1133 749 1310 837 ἕνιίμοτος,
1332 775 1385 818 ne·

223 889 281 952 que
313 857 452 952 ίίγοισιι
477 855 515 926 οὐ
540 852 655 945 prebei'
683 851 723 922 lo
749 853 787 924 ἐκ
819 850 917 941 γαίας
942 849 1003 939 dp!
1028 867 1057 920 et
1085 851 1389 943 ἒπικηροκούμοσιι

225 963 285 1036 oda
307 960 348 1034 ίίν
369 960 510 1044 πίθοιο,
532 966 651 1029 alteram
673 963 905 1026 enuntiationem
925 979 959 1023 ex
980 959 1150 1023 albrmatim
1166 959 1328 1040 negativam
1344 963 1388 1025 la·

225 1077 273 1150 cit,
288 1070 348 1157 μίν
370 1073 399 1137 in
421 1066 468 1159 pri
487 1081 610 1144 mutato,
625 1068 745 1132 alteram
765 1087 801 1128 ex
816 1066 949 1147 negativa
967 1063 1182 1138 altirrnativam,
1198 1082 1253 1146 pro
1269 1055 1307 1127 οὖ
1328 1085 1389 1148 μι-

227 1171 296 1244 bei'
320 1166 361 1242 ίίν
382 1176 516 1241 scribens
539 1165 579 1238 do
599 1162 710 1255 pedei'
734 1161 784 1234 ίίν.
807 1205 848 1218 -
872 1169 979 1244 Nobis,
994 1177 1027 1232 ot
1043 1187 1143 1232 vorum
1159 1169 1316 1244 fateamur,
1336 1187 1390 1233 ne·

227 1305 283 1368 que
299 1283 366 1348 illud
382 1281 454 1346 satis
469 1291 552 1344 naute
567 1281 675 1342 laetam
690 1277 817 1352 ridetur,
837 1275 917 1358 quod
932 1295 949 1337 e
963 1271 1137 1337 selroliastae
1152 1273 1392 1356 interpretatione

228 1391 304 1452 banc
318 1405 406 1468 quam
423 1386 488 1469 ipse
502 1383 606 1466 reponi
622 1383 682 1446 rrdt
697 1381 866 1453 lectionem,
883 1397 944 1441 non
960 1387 1058 1441 autem
1073 1397 1154 1452 eam,
1174 1397 1248 1460 quae
1264 1379 1293 1442 in
1308 1381 1392 1444 codi-

228 1491 311 1556 cibus
326 1499 417 1564 erut,
432 1489 471 1551 illi
486 1487 668 1550 obversatam
684 1485 775 1549 luisse
790 1481 951 1556 conclmlit3
966 1499 1075 1562 nequo,
1090 1483 1115 1545 si
1128 1481 1254 1546 marirne
1265 1485 1392 1549 scholia·

228 1604 304 1657 stam
331 1590 495 1673 delegisse
521 1598 684 1664 constaret,
712 1585 864 1651 meliorem
894 1587 971 1651 banc
991 1585 1146 1648 lectionem
1168 1584 1332 1651 iudicamus
1352 1609 1395 1664 ea,

229 1717 302 1779 qino
317 1695 353 1759 ab
368 1693 530 1758 editoribus
546 1692 668 1777 probata
684 1701 739 1754 est.
783 1692 857 1755 Nam
872 1711 947 1774 quae
962 1690 1061 1755 statim
1077 1689 1295 1772 subiunguntur
1308 1692 1394 1758 rerba

229 1791 448 1880 ttedeaeedpd
469 1790 613 1881 μὲνγὰρ
635 1787 775 1880 ἀσθενῆ,
798 1814 890 1878 qunm
911 1816 1031 1860 musam
1053 1799 1196 1874 indicent,
1218 1816 1271 1862 cur
1287 1799 1395 1862 limen·

231 1905 302 1968 dmn
318 1901 375 1965 sibi
391 1903 442 1978 sit,
456 1920 494 1964 no
508 1903 545 1964 alr
565 1903 662 1981 degeo
681 1899 850 1974 deseratur,
871 1920 991 1964 neeesse
1010 1910 1056 1965 est
1074 1903 1155 1965 bunc
1174 1921 1239 1965 mna
1258 1903 1395 1966 timorem

188 2020 217 2072 to
234 2007 265 2070 in
279 2027 325 2082 eo,
340 2006 420 2087 quod
435 2005 570 2087 proxime
584 2003 746 2086 praecessit
757 2001 901 2078 membro,
912 2005 1082 2086 oloquulam
1094 2025 1169 2070 esse.
1195 2005 1309 2081 Quodsi
1322 2005 1396 2068 ller-

233 2109 333 2173 manni
348 2108 585 2171 emendationem
600 2107 722 2189 probes,
738 2123 876 2189 perversa
890 2107 947 2170 erit
960 2109 1173 2172 sententiarum
1188 2108 1397 2191 consequutio:

234 2214 331 2294 primo
346 2211 413 2274 loco
429 2211 565 2273 timorem
580 2210 749 2290 eloquetur,
768 2208 900 2272 secundo
915 2210 981 2272 loco
997 2229 1081 2292 spem
1096 2231 1131 2275 ac
1145 2212 1289 2288 fiduciam,
1311 2211 1397 2274 tertio

235 2315 300 2378 loco
315 2331 432 2377 eausam
449 2311 574 2375 timoris.
603 2313 697 2395 dtepoe
712 2311 842 2374 bociam
858 2311 1034 2375 Sclraelerus
1049 2312 1265 2376 animadvertit:
1285 2321 1399 2390 „nam“,

235 2416 342 2498 inquit,
357 2415 462 2496 „quod
483 2415 625 2478 continuo
650 2415 783 2496 sequitur
806 2404 898 2495 τάμὰ
918 2409 979 2495 μίν
1000 2411 1063 2498 γὰρ
1084 2406 1213 2502 ἀσθενῆ
1238 2415 1398 2480 clarissime

235 2518 364 2582 ostendit
378 2518 407 2581 in
422 2516 537 2580 bledeae
551 2517 749 2599 responsione
768 2516 920 2578 meliorem
937 2517 1062 2580 feminae
1077 2518 1276 2594 conditionem
1292 2519 1401 2582 debere

235 2619 509 2702 praerodere,sequi
519 2619 725 2684 deteriorem
754 2619 865 2682 Deinde
875 2637 937 2681 non
950 2619 1133 2684 rectebledea
1148 2621 1258 2684 diceret
1272 2623 1399 2702 elegeam
1466 2609 1470 2620 ’

236 2723 290 2787 sibi
306 2723 434 2787 anticum
449 2723 512 2786 loro
526 2723 589 2787 inre
604 2723 728 2788 iurando
743 2723 826 2786 elato:
846 2741 916 2786 nam
936 2722 1049 2786 amicos
1065 2723 1183 2806 quidem
1198 2724 1256 2787 iam
1272 2732 1342 2801 erat,
1356 2735 1400 2788 at·

237 2849 293 2911 quc
314 2828 343 2892 id
365 2827 455 2891 modo
477 2828 523 2892 illa
544 2827 709 2903 serebatur,
728 2837 760 2890 ut
780 2827 851 2889 salis
872 2827 976 2890 fermus
996 2829 1074 2890 loret
1092 2835 1122 2900 et
1143 2829 1220 2894 banc
1244 2827 1400 2892 amicitiam

237 2931 329 3016 pluris
345 2932 451 2996 taceret
466 2951 553 3016 qtrarn
569 2932 804 2996 adversariorum
821 2929 1076 3014 interpellationes.
1088 2931 1196 2995 ——Sed
1212 2951 1249 2996 no
1263 2931 1322 2995 hoc
1335 2932 1401 3014 qui·

239 3037 306 3100 dem
321 3045 451 3111 constal,
474 3036 663 3100 selroliastom
684 3036 724 3099 ita
743 3034 862 3116 legisse:
880 3035 977 3119 potnit
995 3035 1065 3099 illud
1081 3035 1179 3117 ipsum
1195 3036 1302 3118 legere,
1322 3039 1402 3119 qnod

241 3139 270 3202 in
286 3139 437 3203 codicibus
451 3139 595 3221 scriptum
611 3149 666 3212 est,
681 3149 710 3202 et
726 3139 816 3202 nihilo
832 3149 929 3202 umen
945 3140 1044 3202 minus
1058 3138 1157 3202 locum
1173 3139 1212 3202 ita
1225 3149 1259 3203 ut
1275 3140 1341 3204 lecit
1356 3141 1403 3204 iu·

150 3255 153 3260 “
242 3241 404 3324 terpretari.
434 3239 512 3320 Nam]
527 3243 607 3324 quod
626 3242 813 3306 llermannus
834 3241 1001 3305 incredibile
1020 3243 1106 3318 dicit,
1125 3245 1332 3323 grammaticos
1354 3245 1404 3325 qai

243 3345 318 3408 lianc
339 3341 607 3426 interpretationem
625 3345 654 3408 in
670 3344 800 3409 modium
815 3344 989 3408 attulere-
1004 3347 1141 3408 norimus
1154 3354 1250 3409 tamm
1265 3364 1322 3410 nos
1337 3347 1405 3429 qrri-

242 3448 308 3510 dem
324 3466 416 3512 unum
432 3433 636 3512 tantunmm'do
652 3445 694 3495 -ἱ
708 3449 782 3512 adeo
798 3468 901 3512 caecos
917 3450 1021 3526 luisse,
1041 3459 1074 3512 ut
1092 3467 1154 3511 non
1174 3449 1265 3512 modo
1280 3449 1405 3532 opposi-

209 3545 212 3551 “
243 3551 352 3614 tionem
362 3550 563 3615 membrorum
572 3552 748 3615 corruerem
760 3551 896 3615 codicum
908 3553 1052 3635 scriptura
1065 3571 1126 3616 non
1134 3551 1406 3618 animadverterent.

243 3655 294 3718 sed
308 3673 347 3718 ne
361 3655 429 3719 illud
441 3655 560 3738 quidem
572 3656 713 3730 riderent,
726 3654 909 3738 ineptissime
920 3655 997 3718 idem
1009 3657 1104 3720 eidem
1117 3657 1243 3738 opponi,
1258 3647 1403 3741 ὁρκίοισι

241 3752 301 3840 μὲν
321 3753 429 3842 ζυγεὶς
449 3769 480 3822 et
500 3753 615 3842 λόγοις
636 3753 674 3822 δὲ
695 3754 824 3841 συμβὰς
845 3753 904 3821 και
925 3753 1017 3822 deda
1038 3751 1217 3841 ἔνιίμοτος,
1245 3759 1408 3840 eodemque

244 3861 333 3926 modo
348 3861 436 3926 etiam
448 3872 603 3946 utramque
617 3864 764 3944 apodosin
775 3861 854 3926 idem
869 3863 1033 3926 confinem:
1048 3862 1111 3925 scio
1123 3881 1179 3942 ego
1191 3879 1262 3925 sane
1276 3873 1310 3927 ut
1324 3861 1406 3944 quis·

245 3965 628 4048 queipseestacutissinrus,
644 3967 682 4030 ita
697 3965 864 4030 difficillime
877 3966 950 4032 alios
966 3965 1085 4030 lrebetes
1100 3965 1227 4041 credere,
1242 3965 1295 4028 sed
1310 3973 1407 4029 umen

246 4087 364 4131 causam
379 4071 488 4135 nullam
502 4071 602 4146 rideo,
618 4090 672 4135 cur
682 4069 906 4153 grammaticum
919 4069 1008 4132 istum
1024 4068 1184 4132 acutiorem
1196 4068 1288 4132 luisse
1300 4079 1407 4140 sumat,

248 4189 335 4250 quam
353 4183 403 4236 aut
427 4174 496 4238 olim
520 4175 644 4238 tosoam
660 4173 847 4248 barnerium,
868 4183 919 4237 aut
940 4183 1043 4240 nostra
1062 4172 1206 4237 memoria
1227 4169 1408 4236 l'ridericum

250 4271 407 4339 llenricom
421 4277 574 4356 llothimn,
588 4297 717 4362 qnorum
729 4277 815 4353 alter,
829 4277 965 4342 codicum
979 4275 1134 4341 lectionem
1153 4293 1281 4358 sequens
1301 4283 1330 4338 et
1343 4291 1409 4337 rer·

251 4375 367 4441 sionem
386 4377 443 4444 loci
461 4381 629 4447 adscribens
644 4383 768 4447 hanuet
787 4380 833 4445 dis
852 4383 943 4455 caios,
957 4383 985 4444 ιι·
997 4383 1062 4445 iare
1077 4380 1205 4444 turoam
1220 4377 1294 4442 midi
1306 4379 1409 4442 deotat-

256 4489 317 4544 ctaa
330 4482 437 4562 samis,
458 4483 600 4549 oteramo
619 4483 782 4550 solentibus
795 4503 841 4548 οιι
854 4503 893 4548 ec
907 4501 981 4566 apro
995 4503 1056 4550 ιιοιι
1066 4487 1216 4568 permittes
1229 4501 1281 4546 nec
1296 4482 1410 4546 ιισιιιιε
