3106 4958
222 1543 445 1640 ututtssr
470 1541 911 1639 ututumnslouuu
930 1541 995 1636 dl)
1016 1539 1238 1639 nuscum

573 1700 885 1797 rnouuutuuu.

239 1989 338 2078 iduum
364 2001 533 2085 nuperrime
552 2001 739 2084 toenyteam
759 1999 968 2063 Prometheum
993 1999 1212 2063 commentariis
1237 2000 1344 2064 ureist

154 2104 324 2186 explicatam
354 2103 510 2178 ediderim,
534 2121 663 2185 eumque
687 2101 793 2166 libmmr
815 2121 832 2164 a
853 2101 1002 2184 plerisque
1022 2119 1143 2175 eorum,
1169 2101 1220 2182 qui
1242 2103 1313 2166 haee

154 2205 307 2286 prooemia
325 2207 420 2287 tepere
438 2205 552 2280 soient,
574 2215 624 2268 aut
644 2204 751 2268 tectum
771 2222 837 2266 esse
859 2213 911 2266 aut
928 2203 1036 2266 lectum
1051 2201 1087 2266 iri
1103 2203 1233 2276 medum.
1250 2221 1313 2266 uon

153 2305 278 2370 alienum
294 2325 361 2370 esse
374 2307 474 2379 statui,
489 2307 545 2369 hac
558 2323 640 2370 auno
653 2304 801 2368 scribendi
817 2305 1036 2386 opportunitate
1050 2302 1147 2366 oblata
1162 2303 1201 2369 ita
1215 2305 1267 2380 uti,
1283 2317 1314 2368 ut

152 2407 189 2470 de
208 2408 319 2490 aliquot
335 2409 412 2473 iilius
427 2408 540 2472 tabulae
561 2408 634 2472 iocis
657 2407 801 2470 disseram
824 2415 853 2470 et
872 2406 956 2488 quasi
975 2405 1121 2487 quandam
1142 2407 1313 2470 mantissam

152 2510 371 2574 commentariis
387 2509 461 2574 meis
476 2508 591 2573 addam.
635 2507 808 2573 Mentissam
824 2519 920 2573 autem
941 2507 1025 2582 dico,
1055 2524 1093 2570 ue
1115 2507 1186 2588 quid
1215 2510 1312 2591 magni

152 2611 281 2692 polliceri
295 2613 402 2676 videar.
445 2611 519 2676 Nam
534 2611 698 2675 versabitur
712 2611 810 2675 omnis
832 2612 904 2676 haec
918 2610 1078 2692 disputatio
1099 2609 1131 2672 in
1154 2611 1241 2674 mbus
1256 2612 1313 2675 mi-

152 2713 232 2776 nutis
247 2723 276 2776 et
294 2715 393 2797 speeie
411 2715 571 2778 admodum
590 2714 717 2778 levibus:
738 2733 915 2796 quamquam
935 2713 985 2794 qui
1004 2711 1169 2776 studiorum
1191 2725 1312 2776 nostro-

152 2834 219 2878 rum
234 2815 377 2880 ratiooom
399 2825 476 2880 recte
494 2816 649 2880 aestimare
663 2815 842 2890 didicerunt,
857 2813 928 2878 nihii
944 2815 973 2877 io
989 2815 1036 2877 iris
1051 2814 1156 2878 litteris
1172 2825 1229 2878 turn
1253 2817 1313 2878 iere

153 2935 220 2979 esse
240 2915 352 2992 sciunt,
379 2917 458 2998 quod
482 2935 544 2980 uon
558 2917 646 2981 etiam
669 2915 769 2980 adres
791 2917 977 2998 gmvissimas
992 2917 1142 2998 purrrrapni
1164 2917 1312 2980 interdum
1342 2913 1346 2920 '

153 3017 296 3082 momenti
310 3038 376 3082 esse
389 3019 496 3100 possit
526 3019 660 3082 Ceterum
675 3018 710 3081 ad
727 3017 912 3082 scribendam
927 3019 1003 3082 hauc
1013 3017 1185 3080 mantissam
1201 3017 1314 3082 induxit

153 3139 201 3182 me
225 3120 337 3184 libellus
356 3121 598 3185 Adversariorum
623 3119 652 3182 in
674 3120 807 3202 Aeschyli
828 3121 1038 3183 Prometheum
1059 3127 1089 3182 et
1109 3119 1315 3202 Aristophanis

153 3225 229 3286 dves
242 3240 340 3306 nuper
353 3243 369 3287 a
384 3223 432 3287 Fr.
447 3222 617 3298 Wieseisro,
631 3221 694 3286 uiro
709 3221 978 3304 praestantissimo,
1000 3221 1112 3296 editus,
1133 3221 1184 3304 qui
1202 3221 1316 3285 libellus

153 3343 245 3406 quum
268 3325 401 3389 absoluta
427 3325 546 3389 demum
573 3343 638 3388 mea
659 3323 788 3388 editione
809 3323 845 3388 ad
868 3343 916 3388 me
938 3325 1070 3408 portatus
1092 3323 1144 3398 sit,
1170 3325 1316 3388 desinon

152 3425 263 3508 potuit,
284 3435 318 3490 ut
335 3427 366 3490 in
381 3425 599 3491 commentariis
622 3426 768 3489 rationem
783 3425 847 3489 eius
862 3427 1017 3502 traherem,
1039 3426 1067 3488 id
1087 3425 1167 3508 quod
1186 3427 1315 3490 taourus

153 3529 277 3590 tortasse
291 3526 321 3590 in
336 3527 448 3609 aliquot
468 3527 541 3592 iocis
560 3527 692 3591 fuissem.
736 3527 911 3592 Tractentur
928 3529 1008 3592 euim
1028 3527 1140 3591 sithoc
1160 3527 1314 3592 duodecim

154 3625 266 3689 tabulae
280 3626 454 3709 deschpieae
467 3627 534 3702 loci,
550 3645 677 3708 quorum
698 3646 749 3690 sex
771 3639 821 3692 aut
841 3638 956 3710 septem
976 3647 1031 3710 epo
1052 3647 1167 3710 ipsoque
1189 3628 1315 3694 meavi.

153 3727 188 3791 in
203 3727 249 3792 his
264 3747 355 3811 qutun
376 3727 472 3792 nulius
492 3727 545 3801 sit,
568 3727 605 3790 de
619 3725 703 3791 ouius
717 3728 922 3793 emendatione
936 3747 998 3794 non
1013 3730 1186 3812 longissime
1203 3729 1315 3794 utrius·

154 3848 212 3912 que
225 3837 363 3893 nostrum
378 3828 485 3893 iudicia
499 3829 685 3905 dissentiant,
702 3831 949 3915 operaepretium
965 3833 1067 3910 tuerit,
1088 3830 1177 3896 huius
1198 3831 1314 3894 dissco-

154 3913 248 3994 sionis
262 3949 367 3994 causas
382 3941 469 4014 atque
484 3930 613 3996 rationes
627 3933 724 4015 pauiio
740 3933 904 3999 accuratius
918 3951 1077 4016 exponere.

239 4031 372 4096 Primum
387 4030 476 4115 ipitru
489 4051 576 4097 versu
591 4033 643 4108 to,
657 4053 748 4118 quum
763 4037 851 4118 suigo
866 4035 1011 4100 scribatur

355 4127 475 4199 ἅπαντ’
496 4129 653 4226 ἐπράχθη
676 4135 763 4226 πλὴν
783 4139 900 4204 θεοῖσι
921 4139 1100 4222 κοιρανεῖν·

354 4231 530 4322 ὃλεύθερος
551 4235 612 4326 γὰρ
634 4233 727 4318 οὔτις
746 4234 820 4306 ἐπὶ
841 4235 928 4327 πλήν
949 4233 1046 4318 Διός.

155 4339 292 4406 convenit
305 4339 422 4424 quidem
437 4340 525 4405 nebu
545 4361 614 4407 oum
631 4343 789 4408 Wieseiero
802 4353 942 4422 munus,
962 4353 997 4410 ut
1018 4346 1142 4410 rubum
1160 4339 1315 4433 ἐπράχθη
1333 4354 1349 4410 ⁴
