3092 4964
819 476 881 543 238

745 565 946 578 ι--η-..ι-

270 669 441 730 mercaturis
454 681 517 728 rem
527 682 676 748 quaerere,
691 666 725 728 ui
733 675 793 729 tom
804 667 1003 750 periodorum
1016 667 1085 743 ciete
1099 673 1128 729 et
1138 665 1235 746 paullo
1247 678 1332 748 post:
1346 685 1429 731 mer-

270 780 394 831 catorem
405 777 501 830 ιιιιιιιιι
514 777 665 830 mennam
675 769 890 852 studiosamque
900 773 947 832 rei
955 769 1138 852 quaerendae
1149 771 1298 845 eaistimm
1313 789 1428 844 ιιιιιιιιι,

269 882 300 932 ιιι
320 869 510 953 supradicti,
531 869 730 951 periculosum
756 883 781 936 et
800 871 1009 936 calamitatum.
1043 871 1210 936 Crediditne
1229 871 1318 954 igitur
1343 873 1429 936 talem

269 973 414 1055 quandam
430 971 603 1037 sententiam
619 973 708 1037 etiam
724 973 754 1037 in
770 973 864 1038 serbis
880 964 939 1038 ain
955 963 1111 1062 air'aippon
1125 973 1246 1040 inesse?
1276 974 1346 1039 llilri
1362 975 1429 1058 qui·

267 1078 334 1140 dem
349 1093 411 1142 non
426 1077 480 1142 alia
500 1076 587 1140 liuius
603 1076 733 1141 adiectivi
755 1076 929 1158 significatio
949 1087 1100 1160 comperta
1120 1089 1174 1155 est,
1194 1077 1252 1141 nisi
1266 1087 1300 1142 ut
1313 1077 1352 1141 sit
1366 1077 1385 1140 i.
1400 1097 1429 1160 q.

266 1182 449 1262 sorteaotna,
467 1197 613 1262 prospera
625 1182 750 1262 [ortana
764 1179 888 1259 floreas:
904 1189 1100 1245 mercaturam
1115 1191 1226 1258 autem,
1240 1199 1363 1263 masque
1377 1199 1432 1263 per

267 1301 371 1346 servos
386 1284 558 1356 lactitatam,
578 1299 631 1345 eur
645 1281 869 1365 improbandam
884 1281 1075 1346 Philodemus
1089 1283 1150 1348 liae
1162 1282 1352 1366 potissimum
1372 1301 1429 1345 no·

267 1387 346 1450 mine
361 1385 536 1465 iudicaverit,
549 1385 630 1467 quod
646 1383 824 1448 infortunate
840 1393 926 1461 esset,
941 1384 1026 1466 plane
1041 1404 1102 1448 non
1114 1383 1271 1467 perspicio,
1288 1402 1380 1467 quum
1392 1384 1430 1447 alr
1536 1419 1540 1427 =

268 1488 452 1551 inhonestate.
466 1485 565 1569 potius
580 1487 644 1549 eius
662 1485 836 1569 vituperatio
857 1487 1016 1568 repetenda
1035 1487 1126 1551 luisse
1144 1487 1283 1552 rideatur.
1311 1486 1357 1550 Ab
1375 1487 1431 1550 hac

266 1591 345 1653 enim
361 1589 386 1653 si
401 1589 568 1666 recesseris,
583 1590 653 1672 qnid
669 1591 699 1654 in
715 1590 772 1653 Ιιιιιι
786 1599 832 1653 est
847 1589 1029 1667 infortunati,
1043 1590 1070 1655 si
1086 1590 1151 1673 quis
1166 1598 1217 1655 aut
1226 1589 1391 1655 tabernario
1402 1603 1432 1654 et

267 1695 446 1776 rauponarie
458 1713 611 1756 serrorum
624 1712 747 1759 suorum
755 1702 886 1776 quaestu,
897 1704 946 1758 aut
957 1693 1132 1758 mercaturis
1143 1711 1247 1757 corum
1259 1704 1288 1758 et
1299 1695 1431 1776 nemetia-

268 1798 395 1862 tionibus
415 1794 530 1861 alatur?
558 1797 715 1861 Baulorum
736 1797 834 1878 potius
853 1797 1009 1860 hominum
1029 1806 1058 1860 et
1077 1797 1265 1880 locupletium
1286 1797 1344 1862 lioc
1364 1817 1432 1860 esse

268 1900 389 1974 «liseria,
402 1921 436 1962 ex
453 1901 560 1981 quihus
576 1918 636 1963 non
652 1917 763 1982 paucas
779 1899 848 1962 olim
864 1899 952 1963 talem
973 1909 1128 1980 quaestum
1149 1919 1204 1983 per
1222 1921 1324 1964 servos
1345 1920 1430 1964 exer·

269 2002 364 2063 cuiase
373 2012 497 2064 antistat.
519 2002 581 2064 l'id.
591 2002 742 2065 liemostlr.
754 2019 809 2082 pro
820 2001 941 2064 Plrorm.
956 2020 985 2082 p.
996 2000 1059 2063 957
1073 2011 1102 2064 et
1111 2002 1217 2064 librum
1228 2012 1307 2065 nost.
1318 2003 1354 2064 de
1366 2003 1431 2066 ord.

269 2102 354 2165 iudir.
367 2103 424 2165 Αιι
436 2121 465 2184 p.
474 2104 545 2164 aad
565 2103 663 2184 ltaque
675 2102 699 2165 si
712 2112 863 2164 teneamus
875 2095 1075 2186 πωλητικήι,
1090 2102 1224 2184 equidem
1238 2122 1293 2184 pre
1306 2095 1364 2166 eia
1377 2095 1433 2167 el<-

269 2199 387 2287 niqpan
405 2203 594 2266 scribendum
613 2203 755 2266 suaserim
775 2194 834 2266 aeia
853 2194 1027 2288 ao’ioxqpoa:
1051 2222 1118 2267 nam
1144 2214 1320 2278 mercatura,
1345 2203 1430 2268 etiam

271 2322 323 2384 per
336 2325 438 2367 servm
453 2305 589 2378 lectitata,
609 2304 679 2385 quin
694 2303 845 2385 Epicureis
866 2303 942 2367 sicut
961 2305 1065 2369 ceteris
1085 2304 1272 2385 philosophis
1292 2305 1431 2368 omuibus

269 2424 372 2486 pamm
388 2407 511 2469 lsouesta
526 2405 587 2468 risa
603 2406 654 2480 sit,
669 2423 757 2468 nenio
773 2403 926 2468 dubitabit.
955 2405 993 2468 Et
1007 2406 1069 2469 deri
1085 2407 1166 2470 iaeile
1182 2407 1291 2487 potuit,
1306 2417 1339 2469 ut
1352 2407 1430 2469 litte·
1453 2407 1457 2415 '

268 2527 316 2571 rae
330 2527 371 2588 σχ
386 2518 452 2588 etp
468 2508 497 2570 iu
512 2508 655 2571 semiusta
670 2525 782 2589 papqno
798 2505 998 2570 delitescentes
1014 2527 1080 2571 cum
1096 2504 1135 2570 ιιλ
1149 2517 1178 2570 et
1191 2528 1211 2588 ρ
1225 2517 1430 2590 permutaren-

268 2619 323 2674 tur.
364 2613 499 2673 soterum
520 2628 610 2691 quum
636 2609 733 2689 ipsum
758 2607 827 2671 illud
849 2605 1043 2695 ιιωλητικῆς
1066 2629 1191 2692 prorsus
1216 2609 1359 2674 incertum
1385 2611 1433 2686 sit,

267 2715 353 2776 etiam
370 2714 447 2775 lianc
465 2711 698 2774 emendationem
719 2711 945 2774 incertissimam
966 2729 1112 2774 essenon
1132 2731 1209 2794 opus
1230 2721 1278 2775 est
1300 2731 1431 2777 monere.

269 2817 334 2878 l'uit
354 2816 432 2878 enim
454 2817 579 2878 sortasse
593 2833 609 2876 a
625 2814 797 2877 Philodamo
820 2813 907 2894 longe
925 2813 1003 2876 aliud
1024 2823 1165 2895 quaestus
1180 2833 1273 2896 genus
1298 2835 1433 2879 comme·

268 2927 424 2988 moratum,
440 2916 487 2979 cui
502 2915 579 2978 aliud
595 2915 680 2979 etiam
696 2915 894 2997 praedicatum
907 2915 1086 2988 morentiae
1098 2917 1149 2978 sed
1162 2915 1230 2978 illud
1240 2917 1324 2998 quale
1336 2919 1432 2992 luerit,

269 3020 298 3083 in
314 3028 372 3082 tem
389 3018 501 3082 infinita
516 3017 697 3082 coniectandi
712 3017 850 3092 materia,
869 3016 933 3078 aliis
948 3017 1149 3098 quaerendum
1164 3017 1328 3101 relinquere
1343 3019 1431 3082 ιιιιΙιι.

268 3123 495 3205 -Sequuntur
523 3121 660 3203 deinceps
688 3121 790 3185 lraece:
812 3111 1028 3202 ταλαίπωροι
1048 3114 1164 3185 δὲκαὶ
1183 3116 1223 3184 τὸ
1242 3112 1431 3208 yesopyoina’

269 3217 368 3289 adreio
395 3218 499 3301 οὕτως
524 3217 611 3288 ὥστε
636 3214 840 3308 αὐτουργεῖν·
865 3218 906 3285 τὸ
925 3213 959 3284 d’
982 3212 1090 3286 littae
1109 3214 1225 3302 ἔχοντα
1250 3225 1322 3309 γῆν,
1348 3221 1434 3288 narei

268 3326 459 3392 σπουδαῖοι.
480 3345 607 3408 quorum
626 3327 699 3388 lraec
714 3336 863 3406 postrema
879 3324 1005 3388 absurda
1022 3334 1101 3388 sunt
1131 3325 1189 3388 Sed
1205 3326 1281 3390 lratm
1294 3327 1433 3391 absurdi-

269 3438 356 3492 tatem
377 3429 435 3492 iam
456 3427 648 3510 Goettlingius
668 3427 884 3502 animaduertit,
904 3426 1151 3508 seribendumque
1166 3427 1316 3492 intellexit:
1335 3424 1375 3493 τὸ
1395 3423 1434 3493 di
1513 3479 1518 3492 .

268 3522 313 3594 de'
324 3521 432 3594 ἄλλων
446 3531 521 3608 (scil.
530 3524 733 3615 γεωργοῦντα
746 3520 921 3614 πορίζειν),
932 3519 1048 3607 ἔχοντα
1059 3525 1124 3614 γῆν,
1135 3525 1222 3592 κατὰ
1232 3525 1433 3595 amne-daim:

267 3651 306 3695 ee
325 3633 509 3715 oqriealtura
525 3651 582 3716 per
601 3632 676 3697 alios
695 3643 844 3715 praestum
861 3635 974 3715 secere,
996 3635 1024 3694 ai
1041 3634 1105 3713 qais
1127 3633 1255 3714 [amdam
1275 3633 1433 3715 possideat,

268 3738 423 3817 sapientem
443 3736 528 3799 decet.
564 3737 732 3798 dilernntur
756 3733 862 3797 deinde
885 3732 1015 3798 rationes
1038 3733 1126 3798 lectius
1152 3735 1326 3800 sententiae:
1352 3734 1432 3817 quod

231 3886 236 3894 .
271 3837 462 3917 paucissimas
477 3837 582 3900 lrabeat
597 3837 661 3901 talis
676 3836 732 3900 vita
744 3855 812 3900 curn
823 3833 968 3899 exuaneis
979 3834 1194 3916 implicationes
1205 3829 1432 3915 (deterri-aede),

270 3939 347 4000 crude
362 3937 468 4002 multae
481 3959 569 4022 saepe
584 3939 734 4002 molestiae
748 3947 933 4012 enascantur,
948 3936 1177 4002 iucundissimae
1191 3947 1289 4002 autem
1305 3937 1434 4002 oblecta·
1479 3947 1481 3950 ’

272 4038 359 4102 tionis
373 4049 403 4102 et
416 4059 551 4106 mcecsus
561 4051 648 4122 atque
658 4039 891 4107 conversationis
907 4059 975 4104 cum
990 4039 1091 4104 amicis
1107 4041 1270 4104 facultatem
1285 4040 1434 4123 praebeas,

272 4138 385 4203 lucrum
400 4140 524 4225 denique
538 4143 703 4226 proborum
714 4143 845 4206 virorum
861 4141 967 4207 iudicio
982 4141 1242 4227 honestissimum:
1258 4137 1352 4226 παρὰ
1362 4142 1435 4218 τοῖς

272 4245 445 4326 ιιιιιιιιιιιιι
458 4235 760 4332 ιῦσχημοιιστάτηι
772 4238 947 4333 πρόσοδοι.
977 4245 1042 4310 lloc
1055 4245 1134 4310 enim
1150 4235 1337 4311 ἐπιεικέσιν
1354 4245 1433 4308 malo

272 4359 427 4423 reponere,
441 4363 528 4426 quana
543 4347 623 4428 quod
637 4348 830 4432 Gaddinqius
845 4347 966 4431 scripsit
980 4348 1185 4427 ιιιιχήμοιιιν,
1201 4367 1291 4430 mum
1307 4349 1367 4411 hoc
1379 4366 1433 4410 re·

222 4459 257 4510 tt
274 4442 408 4509 ωιιιιιιιιιι
422 4465 473 4522 ee,
493 4467 581 4530 qus·
596 4449 645 4516 laic
657 4451 742 4518 locus
756 4449 901 4536 postulat,
918 4447 1085 4533 siqnidcatu
1098 4450 1136 4514 da
1154 4449 1326 4515 bominibus
1344 4467 1433 4514 usur·
