3078 4954
770 431 811 496 84

203 627 305 682 autern
320 617 516 679 Prometheus
535 651 578 662 -
598 627 692 680 semet
710 617 774 700 ipse
788 617 943 701 significet,
969 618 999 682 in
1019 618 1102 683 ouius
1117 621 1256 687 dictionis
1275 623 1373 687 locum

203 721 276 783 idud
303 713 369 801 ἐγώ
391 713 431 783 δέ
449 729 587 801 tanquam
607 719 754 801 glossema
774 722 923 802 quoddam
938 721 1095 804 irrepsisse
1110 732 1263 788 statuatur.
1307 725 1374 789 lloc

203 821 337 902 lleisigio
357 821 485 903 itemque
499 823 658 886 Wieseloro
679 823 800 904 placuit,
821 843 948 905 quorum
964 825 1036 887 alter·
1051 815 1164 901 αὐτός.
1184 826 1257 890 alter
1274 836 1373 891 autern

168 940 186 990 ιι
205 917 268 986 ὅδε
284 916 326 986 δέ
338 923 374 986 alr
389 925 533 1007 Aeschylo
548 925 691 1006 scriptum
713 925 806 988 luisse
820 927 996 1008 suspicatur.
1018 927 1111 990 Nobis
1127 925 1152 990 si
1167 928 1274 991 homm
1287 930 1373 992 alter·

202 1035 309 1089 utrum
330 1029 492 1110 optandum
512 1027 564 1101 sit,
584 1037 683 1092 utnmr
703 1035 846 1108 praestet,
861 1028 947 1108 plane
962 1046 1023 1092 nou
1039 1029 1166 1093 dubitari
1181 1050 1272 1114 posse
1291 1031 1374 1093 ride-

201 1139 264 1192 tur.
311 1129 384 1193 Nam
405 1151 497 1214 quom
523 1140 657 1214 opponat
671 1131 867 1194 Prometheus
887 1131 970 1196 chori
992 1131 1157 1215 praeceptis
1179 1154 1262 1198 suam
1279 1134 1373 1217 ipsius

202 1231 436 1316 intelligentiam,
450 1254 561 1318 suaque
577 1256 610 1300 se
623 1245 732 1318 spome
751 1245 936 1316 compertum
957 1237 1065 1300 hahere
1086 1235 1163 1302 dicat
1181 1237 1261 1320 quod
1281 1237 1327 1300 illc
1340 1257 1374 1301 se

202 1338 317 1402 docere
336 1337 472 1414 voluerit,
493 1337 524 1403 in
547 1338 597 1402 tali
615 1337 804 1422 oppositione
819 1357 908 1420 qnam
928 1350 996 1424 apte
1016 1331 1116 1418 αὐτός
1140 1341 1318 1425 pronomine
1331 1339 1373 1405 uti

201 1443 347 1524 potuerit,
363 1441 484 1525 quilibet
498 1442 638 1526 intelligit
681 1443 783 1525 Neque
796 1442 924 1506 additam
941 1445 1112 1526 pronomini
1132 1444 1218 1508 etiam
1233 1447 1374 1510 edversa-

202 1545 295 1608 tiranr
317 1546 555 1610 coniunctionem
574 1545 771 1629 requiremus,
798 1546 1046 1628 quandoquidem,
1061 1567 1137 1630 quae
1157 1549 1196 1612 ita
1216 1549 1373 1611 manifesto

202 1647 284 1711 inter
303 1669 337 1712 se
355 1651 492 1730 opposita
513 1660 596 1724 sunt,
621 1649 679 1712 isto
695 1649 912 1714 coniunctionis
940 1649 1117 1714 adminiculo
1148 1652 1373 1732 haudquaquam

201 1769 294 1833 egere
311 1751 455 1815 ridentur.
499 1754 599 1834 ltaque
615 1753 693 1816 nulla
707 1753 789 1815 alteri
805 1752 988 1816 coniecturae
1009 1745 1069 1816 hos
1091 1747 1128 1816 δὲ
1154 1754 1373 1816 commendatio

201 1875 238 1918 ex
254 1853 355 1918 addita
370 1855 578 1919 coniunctione
593 1855 725 1919 accedet:
740 1855 838 1936 ipsum
855 1874 924 1920 vero
936 1872 1104 1936 pronomen
1119 1846 1179 1918 ὅδε
1193 1874 1254 1919 noo
1266 1855 1376 1938 poterit

203 1975 269 2020 non
289 1958 377 2038 louge
394 1975 483 2038 quam
503 1947 603 2033 αι’τός
624 1957 752 2021 deterius
771 1957 901 2020 iudicari.
945 1957 1008 2019 Etsi
1034 1957 1113 2020 euim
1139 1951 1197 2020 ὅδε
1218 1975 1279 2020 non
1305 1976 1373 2020 raro

203 2061 296 2123 etiam
313 2060 351 2123 de
365 2059 459 2140 prima
476 2077 602 2140 persona
618 2059 734 2132 dicitur,
749 2069 782 2122 ut
797 2059 977 2139 signilicetur
990 2079 1026 2122 eo
1046 2059 1072 2122 is
1091 2080 1107 2122 a
1127 2040 1221 2121 semet
1240 2059 1305 2142 ipse
1324 2059 1374 2141 qui

203 2162 354 2244 loquitur,
381 2162 424 2224 ris
444 2153 541 2224 tanuen
557 2162 621 2224 eius
637 2179 698 2225 nou
715 2163 786 2224 haec
800 2171 854 2237 est,
869 2172 902 2226 ιιι
916 2161 942 2225 is
957 2161 1023 2243 ipse
1038 2161 1134 2236 altori,
1157 2160 1238 2223 solus
1255 2172 1305 2224 aut
1320 2181 1374 2224 sua

203 2275 318 2348 sponte
332 2263 440 2346 aliquid
454 2281 545 2342 arens
561 2264 624 2328 aliis
639 2265 684 2328 vd
698 2264 886 2329 hortantibus
911 2265 956 2328 vet
972 2264 1199 2328 admonentibus
1214 2264 1258 2327 rel
1277 2264 1373 2346 aliquo

204 2367 301 2430 modo
317 2367 353 2429 od
368 2385 435 2430 eum
451 2367 667 2448 pertinentibus
684 2377 868 2450 opponatur,
887 2368 1138 2449 quemadmodum
1159 2367 1192 2429 lit
1210 2365 1240 2428 in
1260 2385 1374 2448 prono·

205 2471 290 2532 mine
305 2460 415 2544 αὐτός,
437 2469 489 2530 sed
503 2478 550 2531 est
564 2469 609 2532 illa
624 2469 838 2533 demonstratio
854 2489 936 2535 mero
946 2468 1055 2544 localis,
1071 2489 1129 2550 qua
1144 2468 1257 2531 etiamsi
1269 2470 1374 2550 possit,

204 2571 259 2652 qui
278 2570 318 2633 ita
338 2571 575 2646 demonstratur,
601 2571 664 2634 aliis
684 2571 904 2652 quodammodo
925 2571 1012 2636 etiam
1039 2571 1152 2653 opponi
1178 2569 1285 2644 videri,
1311 2589 1373 2634 noa

203 2673 293 2736 aliter
312 2683 410 2737 tanuen
430 2673 605 2756 opponitur,
626 2673 684 2736 nisi
704 2683 848 2755 quatenus
864 2675 1015 2750 hocloco,
1030 2690 1091 2736 nou
1106 2673 1173 2736 alibi
1188 2681 1249 2748 est,
1280 2681 1312 2736 ιιι
1327 2693 1374 2736 re·

206 2775 287 2838 etius
295 2775 502 2840 discretionem
511 2778 588 2840 lranc
596 2787 647 2839 aut
657 2777 928 2842 determinationem
940 2797 1028 2860 quam
1041 2775 1260 2857 oppositionem
1272 2775 1374 2864 dicen-

204 2880 276 2942 dam
292 2898 359 2942 esse
374 2891 521 2961 apparent
552 2879 667 2955 Quodsi
683 2881 749 2961 quis
761 2880 892 2962 exempla
909 2878 1095 2960 pronominis
1111 2869 1171 2940 ὅδε
1186 2877 1223 2939 ita
1242 2877 1374 2958 usurpati

205 2981 453 3055 consideraverit,
473 2983 553 3046 facile
572 2983 722 3064 intelliget,
742 2981 825 3045 alteri
845 2981 1015 3063 pronomini
1035 2969 1149 3055 αὐτός,
1175 2981 1255 3060 quod
1275 2998 1373 3042 reram

205 3083 433 3164 oppositiouerrr
453 3083 574 3157 indicat,
597 3086 683 3166 plane
705 3102 766 3147 non
781 3084 879 3147 locum
898 3084 995 3156 luisse,
1009 3081 1097 3145 veluti
1111 3082 1188 3163 apud
1204 3082 1373 3163 Euripidem

205 3185 317 3248 hlcest.
337 3205 363 3248 r.
385 3184 448 3248 752
463 3185 577 3248 linoln:
601 3178 642 3248 ori
664 3181 726 3270 peip
746 3177 825 3270 τῷδ’
847 3176 892 3249 ἔτ’
914 3177 949 3262 ἐς
968 3175 1089 3248 ταύτόν
1109 3179 1225 3266 στέγος
1249 3185 1373 3262 midde,

206 3287 238 3350 lr.
254 3308 281 3349 e.
296 3278 359 3351 odor
380 3279 465 3368 ἐμοί,
488 3305 550 3349 nou
569 3282 644 3368 ἐμοὶ
666 3279 771 3372 αὐτῷ,
794 3296 824 3349 ot
847 3287 916 3350 ihid.
934 3306 959 3348 r.
984 3287 1079 3349 1109:
1106 3276 1165 3349 οὐκ
1187 3277 1277 3350 ἔστιν
1299 3281 1373 3372 ἥτις

205 3386 299 3473 aqide
320 3383 592 3474 contrairetur,
615 3391 664 3454 uhi
692 3390 761 3454 item
788 3388 885 3471 potuit
910 3381 985 3475 ἥτις
1010 3381 1087 3469 ἐμοὶ
1113 3387 1272 3452 autetiam
1300 3408 1370 3470 μοι,

207 3484 491 3576 ooymrdq'oeror,
513 3493 565 3554 sed
588 3485 663 3578 ἥτις
684 3485 762 3573 ἐμοὶ
784 3483 874 3580 αὐτῷ
900 3484 1162 3577 ouralrdq'oarur
1188 3509 1249 3553 non
1275 3491 1373 3572 potuit

207 3593 277 3658 elici.
322 3593 358 3658 lit
379 3595 458 3676 quod
480 3595 557 3676 apud
583 3595 759 3678 Aeschylum
780 3594 810 3658 iu
837 3594 961 3676 prologo
981 3595 1138 3659 Persarum
1165 3593 1273 3657 chorus
1292 3593 1371 3670 dicit,

206 3691 294 3762 reida
313 3693 375 3780 μὲν
394 3693 533 3784 Περσῶν
545 3695 613 3762 τῶν
627 3690 804 3780 οἶχομένων
821 3688 958 3760 Ἑλλάδ’
978 3691 1013 3775 ἐς
1035 3685 1112 3761 olm
1132 3691 1241 3760 πιστὰ
1261 3693 1371 3761 καλεῖ-

205 3821 280 3876 ται,
304 3800 401 3884 potuit
425 3802 523 3866 dicere
552 3794 646 3888 ἡμεῖς
665 3795 727 3884 μὲν
745 3837 788 3848 -
810 3795 929 3865 πιστοὶ
951 3794 1161 3881 καλούμεθα,
1188 3817 1250 3861 ooo
1276 3799 1372 3881 potuit

207 3895 304 3988 ἡμεῖς
329 3895 436 3969 ohel.
463 3906 583 3970 hceedit
597 3905 676 3988 quod
706 3904 968 3968 demonstrativum
998 3919 1165 3986 pronomen
1193 3900 1252 3964 hoe
1279 3921 1370 3965 sensu
1504 3969 1507 3976 ,

207 4015 382 4087 usurpatum
394 4027 513 4091 semper
526 4007 614 4072 etiam
630 4016 745 4091 gestum
761 4006 908 4088 quendam
923 4003 1069 4086 loquentis
1083 4001 1231 4084 requirere
1245 4003 1369 4081 ridetur,

207 4109 440 4188 quo,odiuretur
457 4111 679 4190 quodammodo
698 4106 927 4171 demonstratio:
954 4106 1048 4189 qualis
1067 4113 1166 4186 gestus
1186 4107 1331 4192 quamsit
1351 4126 1368 4169 a

209 4207 297 4272 uincti
310 4209 478 4274 Promethei
493 4211 662 4276 conditione
673 4210 795 4288 alienus,
807 4227 869 4272 aon
884 4228 962 4291 opus
976 4217 1023 4272 est
1037 4227 1192 4290 exponere

294 4311 395 4393 Lonys
418 4311 463 4375 illa
487 4313 524 4376 de
542 4315 656 4380 Atlante
678 4323 707 4378 ct
727 4311 872 4394 Typhone
886 4310 996 4388 oratio,
1015 4330 1090 4393 quae
1104 4309 1240 4392 legitura
1262 4329 1288 4372 v.
1305 4307 1367 4374 348

207 4431 301 4496 usquo
318 4413 354 4478 od
369 4433 396 4480 r.
420 4413 497 4492 ³7¹1,
519 4423 618 4481 utnrm
640 4412 810 4482 Promethei
825 4431 862 4477 an
878 4411 985 4478 Oceani
1000 4413 1052 4490 sit,
1077 4411 1256 4476 dissentiunt
1274 4411 1367 4475 iuter-
