3106 4958
823 424 843 485 d

734 510 802 519 *mn—-
813 513 879 520 a...
892 514 934 522 ...-

254 627 288 680 ιιι
306 615 417 679 licuerit
438 625 542 695 poetae
560 613 619 676 noc
639 611 874 676 subaudiendum
895 613 982 676 nobis
1009 611 1180 691 relinquere.
1229 597 1296 672 Alii,
1323 603 1420 678 spreta

255 729 313 783 tam
334 717 432 782 lrirola
450 716 635 792 defensione,
651 718 745 799 ipsam
762 717 861 800 pentius
876 717 1026 798 caliginera
1043 718 1164 797 liguratc
1178 707 1284 770 dictam
1299 717 1419 779 accepe-

256 833 324 888 mnt
349 822 386 884 de
412 821 519 884 tinmro
545 831 658 885 ruentes
685 823 865 886 Graecorum
892 821 975 903 «possi
1002 827 1186 888 «temerante,
1213 836 1302 898 quent
1328 839 1420 900 quum

259 925 367 1006 iupiter
386 924 530 1000 iniecerit,
553 937 592 1004 tx.
608 925 671 988 533
686 919 788 1008 θέλγε
811 919 848 990 δὲ
862 921 973 1007 θυμὸν
998 915 1177 1008 Ἀργείων),
1200 940 1281 985 nnnc
1294 921 1421 986 llinerra

256 1049 359 1093 rursus
370 1027 499 1094 adimere
510 1031 631 1094 «linatur.
659 1030 690 1093 ld
705 1029 918 1093 recentioribus
930 1029 1106 1111 quilutsdum
1120 1027 1236 1110 placuit,
1250 1025 1422 1110 lloeppenio

258 1135 359 1196 saltent
380 1145 409 1196 et
429 1135 548 1210 llotlrio,
567 1134 689 1218 praeivit
703 1146 801 1198 autern
817 1135 874 1197 iant
889 1132 1075 1206 Eustalhius,
1096 1133 1173 1214 apud
1195 1151 1282 1213 quem
1296 1130 1423 1194 llinerxa

258 1227 337 1322 estr}
358 1234 482 1324 proter}
503 1233 673 1324 opprimere,
690 1239 782 1318 caligo
797 1247 894 1301 autom
911 1231 930 1322 ἦ
947 1230 984 1314 ἐξ
997 1226 1149 1318 cleonice
1164 1225 1263 1316 ἆχλῦς
1285 1225 1304 1320 ἦ
1329 1227 1425 1321 δίκην

261 1335 378 1426 νέφους
398 1337 447 1426 api
468 1333 504 1405 ἐν
526 1333 603 1426 ἡμῖν
624 1333 757 1426 demiurgi
778 1333 1068 1425 e'rrtnpoode'oeou.
1114 1339 1225 1403 llocine
1245 1338 1333 1419 igilur
1352 1358 1423 1420 pro-

262 1445 409 1516 ludimus,
436 1463 474 1506 an
500 1464 568 1507 euna
590 1445 690 1526 plotius
716 1444 885 1518 audiemus,
907 1442 1041 1525 quisquis
1060 1443 1085 1504 is
1108 1452 1167 1516 est,
1187 1442 1271 1506 onius
1287 1443 1316 1504 in
1332 1443 1424 1506 schol.

262 1547 367 1610 Victor.
392 1547 523 1627 suspicio
548 1547 697 1628 proditur:
714 1541 830 1634 Ιλέγοις
851 1537 897 1622 ὥς
921 1538 1033 1608 ieirrst
1056 1533 1141 1607 Atto
1162 1539 1352 1629 ποιήματα,
1376 1536 1425 1608 de’

259 1635 304 1708 oie
330 1641 515 1733 e'dedp'itoro
540 1645 653 1712 ταῐτα.
709 1649 821 1730 Nempe
848 1651 955 1711 ludum
982 1658 1028 1709 est
1054 1649 1112 1710 ltoc
1135 1646 1202 1709 loco
1229 1647 1320 1721 itlent,
1346 1649 1425 1728 quod

261 1751 356 1830 praedio
375 1761 442 1814 ante
462 1750 492 1812 in
514 1750 711 1832 llpperenoris
731 1771 828 1834 pugna
849 1770 916 1814 curn
931 1751 1061 1815 llenolao
1078 1752 1184 1814 lactum
1200 1769 1266 1812 esse
1284 1749 1426 1832 suspicati

262 1873 381 1924 saturans,
404 1863 436 1915 ut
454 1873 488 1916 ex
509 1855 631 1935 atttixpto
650 1855 779 1918 carmine
799 1865 882 1936 prante
900 1855 993 1936 aliqua
1013 1863 1138 1928 resecta,
1157 1845 1297 1916 nonmdla
1319 1863 1425 1922 tannen,
1471 1883 1474 1888 Δ

262 1976 336 2038 quae
363 1957 429 2018 illuc
455 1957 647 2038 respicerent,
675 1977 727 2040 per
753 1959 894 2022 inetux'am
918 1959 1160 2040 relinquerentur.
1214 1958 1308 2038 Atque
1334 1956 1428 2020 sitnile

264 2059 332 2140 naid
347 2059 433 2121 etiam
450 2057 524 2123 libro
539 2062 585 2136 vt,
602 2061 663 2122 337
680 2060 821 2124 aecitlisse
837 2063 983 2144 suspicor,
1002 2061 1054 2125 ulai
1070 2061 1141 2124 item
1157 2059 1291 2124 nonnulli
1306 2062 1342 2124 ad
1360 2061 1428 2124 illud
1483 2072 1484 2075 ’

265 2181 351 2224 suurn
385 2157 470 2224 κατὰ
496 2157 536 2225 ad
570 2155 786 2244 σιωπώμενον
818 2166 1001 2246 confugiunt.
1056 2165 1203 2228 Excitatus
1236 2164 1272 2227 alr
1305 2163 1430 2228 llectore

266 2265 439 2335 Alexander,
465 2275 498 2328 ιιι
524 2267 553 2328 in
579 2269 722 2347 proelium
750 2277 923 2344 revertatur,
952 2277 1085 2350 paratum
1112 2287 1145 2330 se
1169 2287 1250 2343 esse,
1275 2274 1305 2328 et
1330 2267 1430 2330 uxoris

233 2379 248 2431 ἵ
267 2386 384 2448 «auoque
399 2368 512 2430 ldandis
527 2370 744 2433 hortationibus
760 2371 919 2452 impulsum
936 2371 1105 2454 respondet,
1121 2367 1175 2433 etv
1194 2363 1234 2434 δέ
1252 2389 1294 2450 με
1310 2387 1432 2454 παρει-

268 2460 370 2534 ποῦσ’
397 2460 517 2548 ἄλοχος
540 2468 705 2551 μαλακοῖς
730 2467 885 2538 ἐπέεσσιν
910 2463 1039 2558 tiipppo’
1072 2466 1107 2549 ἒς
1140 2466 1295 2554 πόλεμον.
1343 2473 1430 2552 Atqui

265 2575 303 2635 de
316 2573 429 2636 blandis
443 2574 560 2655 quidem
576 2576 673 2638 uerbis
689 2576 821 2650 Helenae,
836 2575 943 2657 crnibus
959 2577 1004 2640 illa
1020 2576 1156 2639 inreritum
1176 2577 1212 2637 ad
1228 2575 1430 2656 proeliandum

268 2678 380 2739 horula
402 2677 453 2748 sit,
481 2677 551 2740 nitnt
571 2679 730 2762 quidquam
750 2689 834 2742 antea
854 2690 1050 2744 rnornoratum
1077 2690 1131 2742 est.
1175 2679 1313 2743 Oneravit
1332 2679 1431 2761 potius

265 2781 458 2842 Alexandrum
475 2780 623 2854 conuiuiis,
639 2783 781 2863 ignasiam
798 2783 992 2864 exparoltravit,
1009 2802 1075 2846 cum
1093 2783 1229 2847 irrisione
1243 2781 1431 2845 acerbissima

266 2881 295 2954 „i
316 2891 413 2944 ratane·
434 2883 505 2945 dixit
526 2886 621 2956 „oliur
636 2895 663 2945 te
684 2904 788 2946 rursus
804 2885 839 2947 ad
854 2896 1001 2948 certamen
1016 2885 1160 2958 lienelam
1180 2904 1252 2946 sane
1266 2883 1431 2946 consutitias

266 2983 330 3052 erit,
346 2985 393 3046 tali
411 3003 507 3064 pxupna
522 2985 680 3059 abstinere,
696 3005 733 3048 rue
749 3006 817 3049 mox
837 2998 865 3049 to
878 2986 953 3049 illius
969 2989 1050 3048 ltasta
1063 2995 1249 3068 prosternat‘·
1264 2985 1311 3058 ΙΙΙ,
1327 2985 1431 3048 428-

269 3085 340 3147 tto.
391 3084 468 3148 llaec
487 3105 574 3168 quam
596 3089 682 3168 longe
702 3109 717 3150 a
739 3087 850 3150 blandis
871 3088 967 3150 teritis
992 3089 1181 3162 abhorreant,
1207 3087 1236 3150 in
1256 3097 1358 3170 aperto
1377 3097 1432 3151 est.

268 3187 460 3250 Statuettdum
482 3189 569 3269 igitur
588 3199 638 3252 aut
658 3189 810 3252 tarentilunt
831 3211 897 3252 osse
919 3191 1114 3253 Alexandrum
1136 3201 1258 3272 propter
1276 3190 1431 3271 pudorem,

269 3298 318 3350 aut
334 3288 470 3351 lleleuam
487 3303 556 3371 post
570 3291 771 3366 correctione,
786 3311 872 3374 quem
889 3291 928 3355 illi
944 3292 1021 3354 ltaud
1043 3292 1129 3354 invita
1151 3291 1337 3354 concessisse
1352 3293 1431 3355 vide·

269 3400 323 3464 tur,
340 3391 471 3470 mitigato
486 3393 585 3455 altimo
601 3393 741 3474 placidius
758 3394 894 3458 maritum
912 3403 1058 3458 tractasse.
1104 3394 1154 3457 Sic
1166 3393 1263 3458 risum
1278 3395 1433 3470 ueteribus,

270 3493 319 3573 spui
346 3487 567 3578 παραμυθίαν
590 3496 729 3570 lleleune,
757 3497 785 3560 lx.
805 3519 830 3560 e.
857 3498 981 3562 aretinam
1008 3498 1258 3571 exhortationem,
1284 3493 1434 3563 κατὰτὸ

269 3590 487 3677 σιωπώμενον
508 3599 659 3662 sulaaudixi
674 3599 783 3663 iubent.
828 3602 885 3665 Sed
900 3609 946 3664 est
966 3602 1090 3665 alterum
1104 3599 1134 3663 in
1150 3601 1251 3664 eadem
1267 3599 1435 3665 narratione

269 3697 484 3762 offendiculum.
533 3701 731 3783 lleprehendit
755 3704 832 3766 enim
855 3704 964 3768 lleotor
981 3704 1191 3778 Alexandrum,
1217 3724 1242 3766 r.
1263 3705 1335 3778 326,
1354 3705 1433 3786 quod
1521 3759 1525 3766 .

270 3812 391 3882 proptor
417 3801 488 3866 iram
509 3803 623 3886 proelio
643 3805 800 3881 abstineat,
826 3807 890 3890 ipsc
914 3817 1012 3871 autem
1032 3808 1207 3880 Alexander,
1229 3825 1255 3868 v.
1276 3804 1338 3868 335
1358 3825 1435 3887 sqrp,

269 3923 358 3983 quum
375 3924 435 3968 nou
451 3916 509 3969 tant
525 3906 583 3970 irae
599 3917 628 3971 et
644 3908 851 3989 imlignalioni,
872 3929 960 3993 quam
977 3909 1072 3973 dolori
1087 3901 1120 3972 so
1135 3909 1292 3972 indulsisse
1306 3927 1434 3991 respon-

270 4006 327 4072 det.
343 4007 484 4086 siguilieat
499 4019 594 4074 tarxmn
611 4013 686 4076 laaxtd
702 4010 851 4094 atrabigue,
870 4013 957 4077 etiam
973 4012 1033 4076 irae
1047 4021 1077 4074 et
1090 4011 1299 4095 indignationis
1315 4031 1434 4076 oausam

272 4107 328 4172 silai
343 4128 404 4173 uon
419 4111 556 4177 doluisse.
600 4115 657 4179 Sml
674 4135 765 4200 quum
781 4117 850 4182 nihil
866 4115 1036 4183 leuiusmodi
1051 4119 1087 4183 ab
1104 4119 1233 4183 llomero
1248 4135 1434 4181 commemo·

272 4222 366 4276 ratum
381 4213 428 4286 sit,
442 4233 547 4280 rursus
562 4217 599 4280 ad
614 4219 811 4286 coniecturam
828 4239 876 4284 res
890 4221 980 4296 redit,
1001 4231 1033 4286 ιιι
1048 4242 1122 4305 epure
1136 4220 1184 4285 ille
1198 4220 1335 4285 disertius
1356 4219 1433 4283 indi·

251 4333 336 4382 ,ωε
349 4318 527 4398 supersedit,
547 4319 602 4400 ipsi
623 4323 780 4389 subaudire
800 4319 885 4388 sord
905 4319 946 4387 τὸ
968 4319 1185 4406 σιωπώμενον
1199 4343 1352 4390 conemur.
1397 4323 1433 4386 Et

273 4416 455 4504 praeiverunt
475 4421 533 4484 Ιιιιι
554 4433 674 4489 veteres.
717 4420 764 4492 Ἡ
784 4423 907 4514 διπλῆ,
933 4427 1028 4510 inquit
1046 4429 1139 4492 schol.
1161 4429 1205 4502 A,
1227 4418 1281 4491 liu
1303 4417 1434 4510 ἄπορον
