<?xml version="1.0" encoding="UTF-8"?>
<!DOCTYPE html PUBLIC "-//W3C//DTD XHTML 1.0 Transitional//EN"
    "http://www.w3.org/TR/xhtml1/DTD/xhtml1-transitional.dtd">
<html xmlns="http://www.w3.org/1999/xhtml" xml:lang="en" lang="en">
 <head>
  <title>
</title>
<meta http-equiv="Content-Type" content="text/html;charset=utf-8" />
  <meta name='ocr-system' content='tesseract 3.04.00' />
  <meta name='ocr-capabilities' content='ocr_page ocr_carea ocr_par ocr_line ocrx_word'/>
</head>
<body>
  <div class='ocr_page' id='page_1' title='image "./opusculaacademi01schgoog_0225.png"; bbox 0 0 3092 4964; ppageno 0'>
   <div class='ocr_carea' id='block_1_1' title="bbox 708 401 772 467">
    <p class='ocr_par' dir='ltr' id='par_1_1' title="bbox 708 401 772 467">
     <span class='ocr_line' id='line_1_1' title="bbox 708 401 772 467; baseline 0 -1"><span class='ocrx_word' id='word_1_1' title='bbox 708 401 772 467; x_wconf 80' lang='lat' dir='ltr'><strong>tto</strong></span> 
     </span>
    </p>
   </div>
   <div class='ocr_carea' id='block_1_2' title="bbox 146 578 1327 4382">
    <p class='ocr_par' dir='ltr' id='par_1_2' title="bbox 146 578 1327 4382">
     <span class='ocr_line' id='line_1_2' title="bbox 158 578 1325 677; baseline 0.001 -22"><span class='ocrx_word' id='word_1_2' title='bbox 158 595 197 670; x_wconf 73' lang='grc' dir='ltr'><strong>[δ’</strong></span> <span class='ocrx_word' id='word_1_3' title='bbox 213 586 411 669; x_wconf 59' lang='lat' dir='ltr'><strong>inoleverat</strong></span> <span class='ocrx_word' id='word_1_4' title='bbox 424 584 585 668; x_wconf 75' lang='grc' dir='ltr'><strong>τοῦτοιιιῙ·</strong></span> <span class='ocrx_word' id='word_1_5' title='bbox 607 582 707 655; x_wconf 73' lang='grc' dir='ltr'><strong><em>ὥστε</em></strong></span> <span class='ocrx_word' id='word_1_6' title='bbox 721 578 816 650; x_wconf 72' lang='grc' dir='ltr'><strong>καθ’</strong></span> <span class='ocrx_word' id='word_1_7' title='bbox 833 579 1021 654; x_wconf 76' lang='grc' dir='ltr'><strong><em>Ἡσίοδον</em></strong></span> <span class='ocrx_word' id='word_1_8' title='bbox 1035 580 1123 654; x_wconf 80' lang='grc' dir='ltr'><strong><em>δέοι</em></strong></span> <span class='ocrx_word' id='word_1_9' title='bbox 1140 578 1187 654; x_wconf 76' lang='grc' dir='ltr'><strong>ι’ἰι</strong></span> <span class='ocrx_word' id='word_1_10' title='bbox 1201 584 1325 677; x_wconf 70' lang='lat' dir='ltr'><strong>derde-</strong></span> 
     </span>
     <span class='ocr_line' id='line_1_3' title="bbox 156 682 1327 784; baseline 0.002 -26"><span class='ocrx_word' id='word_1_11' title='bbox 156 704 254 774; x_wconf 63' lang='lat' dir='ltr'><strong>uult</strong></span> <span class='ocrx_word' id='word_1_12' title='bbox 266 682 399 776; x_wconf 74' lang='lat' dir='ltr'><strong>„olene</strong></span> <span class='ocrx_word' id='word_1_13' title='bbox 411 690 481 777; x_wconf 75' lang='lat' dir='ltr'><strong>pie</strong></span> <span class='ocrx_word' id='word_1_14' title='bbox 494 698 713 784; x_wconf 73' lang='grc' dir='ltr'><strong><em>πρῐιὸιιιοτο</em></strong></span> <span class='ocrx_word' id='word_1_15' title='bbox 728 687 907 772; x_wconf 71' lang='grc' dir='ltr'><strong><em>[γυιιαῒκιὶ</em></strong></span> <span class='ocrx_word' id='word_1_16' title='bbox 924 698 997 758; x_wconf 81' lang='lat' dir='ltr'><strong>ar.“</strong></span> <span class='ocrx_word' id='word_1_17' title='bbox 1024 689 1070 758; x_wconf 80' lang='grc' dir='ltr'><strong>τὸ</strong></span> <span class='ocrx_word' id='word_1_18' title='bbox 1083 689 1155 776; x_wconf 73' lang='grc' dir='ltr'><strong>μὲν</strong></span> <span class='ocrx_word' id='word_1_19' title='bbox 1169 693 1241 782; x_wconf 76' lang='grc' dir='ltr'><strong>γὰρ</strong></span> <span class='ocrx_word' id='word_1_20' title='bbox 1256 692 1327 783; x_wconf 76' lang='grc' dir='ltr'><strong>τῆς</strong></span> 
     </span>
     <span class='ocr_line' id='line_1_4' title="bbox 155 789 1326 890; baseline -0.001 -27"><span class='ocrx_word' id='word_1_21' title='bbox 155 796 306 890; x_wconf 77' lang='grc' dir='ltr'><strong><em>τροφῆς</em></strong></span> <span class='ocrx_word' id='word_1_22' title='bbox 325 795 497 883; x_wconf 80' lang='grc' dir='ltr'><strong><em>πρῶτον,</em></strong></span> <span class='ocrx_word' id='word_1_23' title='bbox 519 795 563 865; x_wconf 81' lang='grc' dir='ltr'><strong>τὸ</strong></span> <span class='ocrx_word' id='word_1_24' title='bbox 584 793 629 864; x_wconf 78' lang='grc' dir='ltr'><strong>δὲ</strong></span> <span class='ocrx_word' id='word_1_25' title='bbox 647 793 722 861; x_wconf 79' lang='grc' dir='ltr'><strong>τῶν</strong></span> <span class='ocrx_word' id='word_1_26' title='bbox 740 790 990 883; x_wconf 76' lang='grc' dir='ltr'><strong><em>ἕμει·]θι’ριοι,·</em></strong></span> <span class='ocrx_word' id='word_1_27' title='bbox 1016 789 1047 863; x_wconf 80' lang='lat' dir='ltr'><strong>ei</strong></span> <span class='ocrx_word' id='word_1_28' title='bbox 1060 793 1107 884; x_wconf 73' lang='grc' dir='ltr'><strong>μὴ</strong></span> <span class='ocrx_word' id='word_1_29' title='bbox 1124 795 1254 886; x_wconf 75' lang='grc' dir='ltr'><strong><em>κτῆσις,</em></strong></span> <span class='ocrx_word' id='word_1_30' title='bbox 1280 792 1326 876; x_wconf 76' lang='grc' dir='ltr'><strong>ὥς</strong></span> 
     </span>
     <span class='ocr_line' id='line_1_5' title="bbox 157 894 1325 990; baseline 0.001 -24"><span class='ocrx_word' id='word_1_31' title='bbox 157 913 200 988; x_wconf 77' lang='lat' dir='ltr'><strong>yle</strong></span> <span class='ocrx_word' id='word_1_32' title='bbox 211 899 271 978; x_wconf 70' lang='lat' dir='ltr'><strong>noli</strong></span> <span class='ocrx_word' id='word_1_33' title='bbox 286 894 404 989; x_wconf 76' lang='grc' dir='ltr'><strong><em>τροφή,</em></strong></span> <span class='ocrx_word' id='word_1_34' title='bbox 424 897 558 990; x_wconf 73' lang='grc' dir='ltr'><strong>γαμετή,</strong></span> <span class='ocrx_word' id='word_1_35' title='bbox 573 897 631 966; x_wconf 81' lang='grc' dir='ltr'><strong>καὶ</strong></span> <span class='ocrx_word' id='word_1_36' title='bbox 645 898 752 976; x_wconf 74' lang='lat' dir='ltr'><strong>reihe</strong></span> <span class='ocrx_word' id='word_1_37' title='bbox 765 897 1063 982; x_wconf 73' lang='lat' dir='ltr'><strong>eopotaoeopoioo.</strong></span> <span class='ocrx_word' id='word_1_38' title='bbox 1093 907 1225 985; x_wconf 78' lang='lat' dir='ltr'><strong>Apparet</strong></span> <span class='ocrx_word' id='word_1_39' title='bbox 1238 903 1325 968; x_wconf 82' lang='lat' dir='ltr'><strong>verba</strong></span> 
     </span>
     <span class='ocr_line' id='line_1_6' title="bbox 155 995 1324 1090; baseline 0.001 -21"><span class='ocrx_word' id='word_1_40' title='bbox 155 1007 212 1083; x_wconf 83' lang='lat' dir='ltr'><strong>illa,</strong></span> <span class='ocrx_word' id='word_1_41' title='bbox 226 1000 307 1087; x_wconf 78' lang='grc' dir='ltr'><strong>βοῦν</strong></span> <span class='ocrx_word' id='word_1_42' title='bbox 316 997 348 1067; x_wconf 87' lang='grc' dir='ltr'><strong>τ’</strong></span> <span class='ocrx_word' id='word_1_43' title='bbox 361 995 517 1090; x_wconf 71' lang='grc' dir='ltr'><strong><em>ἀροτῆρα,</em></strong></span> <span class='ocrx_word' id='word_1_44' title='bbox 530 1025 546 1068; x_wconf 97' lang='lat' dir='ltr'><strong>a</strong></span> <span class='ocrx_word' id='word_1_45' title='bbox 558 1003 733 1070; x_wconf 84' lang='lat' dir='ltr'><strong>Philodemo</strong></span> <span class='ocrx_word' id='word_1_46' title='bbox 743 1021 805 1066; x_wconf 92' lang='lat' dir='ltr'><strong>non</strong></span> <span class='ocrx_word' id='word_1_47' title='bbox 818 1003 889 1068; x_wconf 87' lang='lat' dir='ltr'><strong>lecta</strong></span> <span class='ocrx_word' id='word_1_48' title='bbox 902 1023 970 1081; x_wconf 72' lang='lat' dir='ltr'><strong>epse</strong></span> <span class='ocrx_word' id='word_1_49' title='bbox 982 1005 1060 1086; x_wconf 85' lang='lat' dir='ltr'><strong>apud</strong></span> <span class='ocrx_word' id='word_1_50' title='bbox 1071 1005 1324 1088; x_wconf 73' lang='lat' dir='ltr'>Theophrastum:</span> 
     </span>
     <span class='ocr_line' id='line_1_7' title="bbox 156 1104 1324 1173; baseline -0.001 0"><span class='ocrx_word' id='word_1_51' title='bbox 156 1127 225 1173; x_wconf 91' lang='lat' dir='ltr'><strong>nam</strong></span> <span class='ocrx_word' id='word_1_52' title='bbox 241 1125 311 1172; x_wconf 82' lang='lat' dir='ltr'><strong>meu</strong></span> <span class='ocrx_word' id='word_1_53' title='bbox 322 1113 372 1170; x_wconf 91' lang='lat' dir='ltr'><strong>aut</strong></span> <span class='ocrx_word' id='word_1_54' title='bbox 383 1105 471 1169; x_wconf 89' lang='lat' dir='ltr'><strong>etiam</strong></span> <span class='ocrx_word' id='word_1_55' title='bbox 487 1107 621 1170; x_wconf 86' lang='lat' dir='ltr'><strong>eonsnlto</strong></span> <span class='ocrx_word' id='word_1_56' title='bbox 637 1107 708 1170; x_wconf 85' lang='lat' dir='ltr'><strong>haee</strong></span> <span class='ocrx_word' id='word_1_57' title='bbox 718 1125 786 1169; x_wconf 91' lang='lat' dir='ltr'><strong>eom</strong></span> <span class='ocrx_word' id='word_1_58' title='bbox 798 1104 938 1169; x_wconf 76' lang='lat' dir='ltr'><strong>omisisse</strong></span> <span class='ocrx_word' id='word_1_59' title='bbox 949 1125 1039 1170; x_wconf 91' lang='lat' dir='ltr'><strong>nemo</strong></span> <span class='ocrx_word' id='word_1_60' title='bbox 1051 1107 1159 1170; x_wconf 79' lang='lat' dir='ltr'><strong>credet</strong></span> <span class='ocrx_word' id='word_1_61' title='bbox 1188 1107 1324 1173; x_wconf 85' lang='lat' dir='ltr'><strong>Ceterum</strong></span> 
     </span>
     <span class='ocr_line' id='line_1_8' title="bbox 154 1208 1323 1293; baseline -0.001 -17"><span class='ocrx_word' id='word_1_62' title='bbox 154 1209 359 1276; x_wconf 78' lang='lat' dir='ltr'><strong>inscribendo</strong></span> <span class='ocrx_word' id='word_1_63' title='bbox 379 1218 409 1274; x_wconf 90' lang='lat' dir='ltr'><strong>et</strong></span> <span class='ocrx_word' id='word_1_64' title='bbox 426 1209 661 1293; x_wconf 76' lang='lat' dir='ltr'><strong>interpungendo</strong></span> <span class='ocrx_word' id='word_1_65' title='bbox 681 1208 740 1272; x_wconf 84' lang='lat' dir='ltr'><strong>hoo</strong></span> <span class='ocrx_word' id='word_1_66' title='bbox 759 1208 826 1273; x_wconf 91' lang='lat' dir='ltr'><strong>loeo</strong></span> <span class='ocrx_word' id='word_1_67' title='bbox 846 1229 863 1272; x_wconf 85' lang='lat' dir='ltr'><strong>a</strong></span> <span class='ocrx_word' id='word_1_68' title='bbox 882 1209 1032 1291; x_wconf 79' lang='lat' dir='ltr'><strong>prioribus</strong></span> <span class='ocrx_word' id='word_1_69' title='bbox 1052 1209 1214 1274; x_wconf 76' lang='lat' dir='ltr'><strong>editoribus</strong></span> <span class='ocrx_word' id='word_1_70' title='bbox 1229 1211 1323 1275; x_wconf 75' lang='lat' dir='ltr'><strong>disoe-</strong></span> 
     </span>
     <span class='ocr_line' id='line_1_9' title="bbox 155 1302 1323 1400; baseline -0.003 -19"><span class='ocrx_word' id='word_1_71' title='bbox 155 1315 285 1381; x_wconf 89' lang='lat' dir='ltr'><strong>dendum</strong></span> <span class='ocrx_word' id='word_1_72' title='bbox 297 1311 429 1378; x_wconf 83' lang='lat' dir='ltr'><strong>iudioovi.</strong></span> <span class='ocrx_word' id='word_1_73' title='bbox 449 1311 723 1379; x_wconf 81' lang='lat' dir='ltr'><strong>llienimverhallla</strong></span> <span class='ocrx_word' id='word_1_74' title='bbox 735 1306 793 1376; x_wconf 81' lang='grc' dir='ltr'><strong>καὶ</strong></span> <span class='ocrx_word' id='word_1_75' title='bbox 805 1302 1323 1400; x_wconf 67' lang='grc' dir='ltr'><strong><em>ὕξιοιὲιιιζητεῖιοειιροτίοιὶοοι</em></strong></span> 
     </span>
     <span class='ocr_line' id='line_1_10' title="bbox 154 1406 1323 1505; baseline -0.002 -21"><span class='ocrx_word' id='word_1_76' title='bbox 154 1419 266 1484; x_wconf 81' lang='lat' dir='ltr'><strong>diuulsa</strong></span> <span class='ocrx_word' id='word_1_77' title='bbox 286 1438 353 1483; x_wconf 84' lang='lat' dir='ltr'><strong>curn</strong></span> <span class='ocrx_word' id='word_1_78' title='bbox 374 1417 567 1501; x_wconf 79' lang='lat' dir='ltr'><strong>sequentihoa</strong></span> <span class='ocrx_word' id='word_1_79' title='bbox 592 1415 822 1480; x_wconf 81' lang='lat' dir='ltr'><strong>coniunxerunt:</strong></span> <span class='ocrx_word' id='word_1_80' title='bbox 848 1409 906 1479; x_wconf 84' lang='grc' dir='ltr'><strong>καὶ</strong></span> <span class='ocrx_word' id='word_1_81' title='bbox 932 1406 1028 1496; x_wconf 69' lang='grc' dir='ltr'><strong><em>ἄξιον</em></strong></span> <span class='ocrx_word' id='word_1_82' title='bbox 1053 1410 1224 1505; x_wconf 68' lang='grc' dir='ltr'><strong><em>ἐπιζητεῖν</em></strong></span> <span class='ocrx_word' id='word_1_83' title='bbox 1249 1415 1323 1496; x_wconf 79' lang='grc' dir='ltr'><strong>πῶς</strong></span> 
     </span>
     <span class='ocr_line' id='line_1_11' title="bbox 154 1513 1321 1604; baseline -0.002 -16"><span class='ocrx_word' id='word_1_84' title='bbox 154 1513 352 1602; x_wconf 71' lang='grc' dir='ltr'><strong><em>ἐπέζευκται</em></strong></span> <span class='ocrx_word' id='word_1_85' title='bbox 366 1557 424 1598; x_wconf 84' lang='grc'><strong>-,</strong></span> <span class='ocrx_word' id='word_1_86' title='bbox 446 1521 525 1604; x_wconf 82' lang='lat' dir='ltr'><strong>quod</strong></span> <span class='ocrx_word' id='word_1_87' title='bbox 544 1538 605 1585; x_wconf 93' lang='lat' dir='ltr'><strong>noo</strong></span> <span class='ocrx_word' id='word_1_88' title='bbox 626 1519 764 1584; x_wconf 79' lang='lat' dir='ltr'>debuisse</span> <span class='ocrx_word' id='word_1_89' title='bbox 778 1519 840 1582; x_wconf 84' lang='lat' dir='ltr'><strong>heri</strong></span> <span class='ocrx_word' id='word_1_90' title='bbox 856 1521 1069 1584; x_wconf 85' lang='lat' dir='ltr'><strong>sententiarum</strong></span> <span class='ocrx_word' id='word_1_91' title='bbox 1085 1538 1180 1584; x_wconf 76' lang='lat' dir='ltr'><strong>nexus</strong></span> <span class='ocrx_word' id='word_1_92' title='bbox 1195 1521 1321 1586; x_wconf 87' lang='lat' dir='ltr'><strong>demon·</strong></span> 
     </span>
     <span class='ocr_line' id='line_1_12' title="bbox 154 1619 1322 1704; baseline 0 -16"><span class='ocrx_word' id='word_1_93' title='bbox 154 1634 237 1689; x_wconf 82' lang='lat' dir='ltr'><strong>strat.</strong></span> <span class='ocrx_word' id='word_1_94' title='bbox 279 1623 426 1687; x_wconf 83' lang='lat' dir='ltr'>Nimirum</span> <span class='ocrx_word' id='word_1_95' title='bbox 445 1621 647 1696; x_wconf 80' lang='lat' dir='ltr'><strong>Philodemus,</strong></span> <span class='ocrx_word' id='word_1_96' title='bbox 674 1632 831 1704; x_wconf 79' lang='lat' dir='ltr'><strong>postquam</strong></span> <span class='ocrx_word' id='word_1_97' title='bbox 851 1619 986 1703; x_wconf 82' lang='lat' dir='ltr'><strong>probavit</strong></span> <span class='ocrx_word' id='word_1_98' title='bbox 1004 1622 1155 1696; x_wconf 84' lang='lat' dir='ltr'><strong>nonnulla,</strong></span> <span class='ocrx_word' id='word_1_99' title='bbox 1176 1641 1257 1688; x_wconf 86' lang='lat' dir='ltr'><strong>nune</strong></span> <span class='ocrx_word' id='word_1_100' title='bbox 1276 1624 1322 1688; x_wconf 83' lang='lat' dir='ltr'><strong>hio</strong></span> 
     </span>
     <span class='ocr_line' id='line_1_13' title="bbox 154 1723 1322 1811; baseline 0.001 -20"><span class='ocrx_word' id='word_1_101' title='bbox 154 1727 207 1792; x_wconf 85' lang='lat' dir='ltr'><strong>alia</strong></span> <span class='ocrx_word' id='word_1_102' title='bbox 227 1725 369 1811; x_wconf 90' lang='lat' dir='ltr'><strong>opponit,</strong></span> <span class='ocrx_word' id='word_1_103' title='bbox 390 1744 464 1808; x_wconf 83' lang='lat' dir='ltr'><strong>quae</strong></span> <span class='ocrx_word' id='word_1_104' title='bbox 484 1725 679 1809; x_wconf 86' lang='lat' dir='ltr'><strong>improbanda</strong></span> <span class='ocrx_word' id='word_1_105' title='bbox 699 1723 755 1806; x_wconf 84' lang='lat' dir='ltr'><strong>ipsi</strong></span> <span class='ocrx_word' id='word_1_106' title='bbox 776 1723 926 1788; x_wconf 85' lang='lat' dir='ltr'><strong>ridentur:</strong></span> <span class='ocrx_word' id='word_1_107' title='bbox 951 1725 1144 1807; x_wconf 85' lang='lat' dir='ltr'><strong>quamobrem</strong></span> <span class='ocrx_word' id='word_1_108' title='bbox 1163 1744 1226 1790; x_wconf 91' lang='lat' dir='ltr'><strong>uon</strong></span> <span class='ocrx_word' id='word_1_109' title='bbox 1245 1739 1322 1792; x_wconf 85' lang='lat' dir='ltr'><strong>reete</strong></span> 
     </span>
     <span class='ocr_line' id='line_1_14' title="bbox 154 1821 1322 1913; baseline -0.002 -17"><span class='ocrx_word' id='word_1_110' title='bbox 154 1831 248 1896; x_wconf 91' lang='lat' dir='ltr'><strong>oratio</strong></span> <span class='ocrx_word' id='word_1_111' title='bbox 264 1829 438 1913; x_wconf 75' lang='lat' dir='ltr'><strong>procederet</strong></span> <span class='ocrx_word' id='word_1_112' title='bbox 451 1847 505 1911; x_wconf 88' lang='lat' dir='ltr'><strong>per</strong></span> <span class='ocrx_word' id='word_1_113' title='bbox 518 1821 585 1906; x_wconf 81' lang='grc' dir='ltr'><strong><em>καί,</em></strong></span> <span class='ocrx_word' id='word_1_114' title='bbox 606 1826 778 1910; x_wconf 74' lang='lat' dir='ltr'><strong>particulam</strong></span> <span class='ocrx_word' id='word_1_115' title='bbox 795 1827 1000 1908; x_wconf 81' lang='lat' dir='ltr'><strong>copulativam.</strong></span> <span class='ocrx_word' id='word_1_116' title='bbox 1017 1828 1070 1892; x_wconf 82' lang='lat' dir='ltr'><strong>aed</strong></span> <span class='ocrx_word' id='word_1_117' title='bbox 1091 1829 1251 1911; x_wconf 79' lang='lat' dir='ltr'><strong>requiritur</strong></span> <span class='ocrx_word' id='word_1_118' title='bbox 1270 1850 1322 1894; x_wconf 88' lang='lat' dir='ltr'><strong>oe·</strong></span> 
     </span>
     <span class='ocr_line' id='line_1_15' title="bbox 154 1920 1324 2017; baseline -0.002 -19"><span class='ocrx_word' id='word_1_119' title='bbox 154 1933 285 1998; x_wconf 79' lang='lat' dir='ltr'><strong>oeoeario</strong></span> <span class='ocrx_word' id='word_1_120' title='bbox 300 1931 489 2006; x_wconf 78' lang='lat' dir='ltr'><strong>adversativa,</strong></span> <span class='ocrx_word' id='word_1_121' title='bbox 509 1921 585 1994; x_wconf 72' lang='grc' dir='ltr'><strong>ἀλλ’</strong></span> <span class='ocrx_word' id='word_1_122' title='bbox 605 1921 702 2007; x_wconf 64' lang='grc' dir='ltr'><strong><em>ἄξιοι</em></strong></span> <span class='ocrx_word' id='word_1_123' title='bbox 720 1923 891 2015; x_wconf 72' lang='grc' dir='ltr'><strong><em>ἐπιζητεῖν</em></strong></span> <span class='ocrx_word' id='word_1_124' title='bbox 909 1939 960 1992; x_wconf 88' lang='lat' dir='ltr'><strong>ant</strong></span> <span class='ocrx_word' id='word_1_125' title='bbox 978 1920 1074 2008; x_wconf 74' lang='grc' dir='ltr'><strong><em>ι’ἱξιον</em></strong></span> <span class='ocrx_word' id='word_1_126' title='bbox 1094 1923 1126 1993; x_wconf 85' lang='lat' dir='ltr'><strong>d’</strong></span> <span class='ocrx_word' id='word_1_127' title='bbox 1146 1925 1324 2017; x_wconf 64' lang='grc' dir='ltr'><strong>ἐπιζητεῖν,</strong></span> 
     </span>
     <span class='ocr_line' id='line_1_16' title="bbox 153 2023 1323 2119; baseline -0.002 -18"><span class='ocrx_word' id='word_1_128' title='bbox 153 2055 215 2102; x_wconf 92' lang='lat' dir='ltr'><strong>non</strong></span> <span class='ocrx_word' id='word_1_129' title='bbox 230 2045 327 2102; x_wconf 85' lang='lat' dir='ltr'><strong>autern</strong></span> <span class='ocrx_word' id='word_1_130' title='bbox 347 2031 406 2099; x_wconf 81' lang='grc' dir='ltr'><strong>καὶ</strong></span> <span class='ocrx_word' id='word_1_131' title='bbox 426 2023 521 2114; x_wconf 68' lang='grc' dir='ltr'><strong><em>ἔξιοι</em></strong></span> <span class='ocrx_word' id='word_1_132' title='bbox 540 2026 719 2119; x_wconf 72' lang='grc' dir='ltr'><strong><em>ἐπιζητεῖν.</em></strong></span> <span class='ocrx_word' id='word_1_133' title='bbox 751 2034 846 2109; x_wconf 80' lang='lat' dir='ltr'><strong>Quam</strong></span> <span class='ocrx_word' id='word_1_134' title='bbox 868 2041 964 2096; x_wconf 81' lang='lat' dir='ltr'><strong>autmo</strong></span> <span class='ocrx_word' id='word_1_135' title='bbox 985 2051 1042 2095; x_wconf 81' lang='lat' dir='ltr'><strong>nos</strong></span> <span class='ocrx_word' id='word_1_136' title='bbox 1061 2043 1133 2115; x_wconf 88' lang='lat' dir='ltr'><strong>post</strong></span> <span class='ocrx_word' id='word_1_137' title='bbox 1151 2031 1227 2112; x_wconf 78' lang='grc' dir='ltr'><strong>πῶς</strong></span> <span class='ocrx_word' id='word_1_138' title='bbox 1245 2035 1323 2099; x_wconf 80' lang='lat' dir='ltr'><strong>iore·</strong></span> 
     </span>
     <span class='ocr_line' id='line_1_17' title="bbox 152 2129 1324 2219; baseline -0.002 -13"><span class='ocrx_word' id='word_1_139' title='bbox 152 2141 268 2207; x_wconf 77' lang='lat' dir='ltr'><strong>ruimus</strong></span> <span class='ocrx_word' id='word_1_140' title='bbox 289 2141 415 2204; x_wconf 86' lang='lat' dir='ltr'><strong>litteram</strong></span> <span class='ocrx_word' id='word_1_141' title='bbox 433 2129 480 2216; x_wconf 90' lang='lat' dir='ltr'><strong>d’,</strong></span> <span class='ocrx_word' id='word_1_142' title='bbox 501 2135 603 2202; x_wconf 87' lang='lat' dir='ltr'><strong>eodem</strong></span> <span class='ocrx_word' id='word_1_143' title='bbox 623 2155 697 2219; x_wconf 88' lang='lat' dir='ltr'><strong>quae</strong></span> <span class='ocrx_word' id='word_1_144' title='bbox 717 2135 830 2218; x_wconf 72' lang='lat' dir='ltr'><strong>perimas</strong></span> <span class='ocrx_word' id='word_1_145' title='bbox 850 2134 976 2218; x_wconf 80' lang='lat' dir='ltr'><strong>proximi</strong></span> <span class='ocrx_word' id='word_1_146' title='bbox 995 2135 1076 2199; x_wconf 83' lang='lat' dir='ltr'><strong>verbi</strong></span> <span class='ocrx_word' id='word_1_147' title='bbox 1094 2135 1203 2201; x_wconf 84' lang='lat' dir='ltr'><strong>litteras</strong></span> <span class='ocrx_word' id='word_1_148' title='bbox 1223 2138 1324 2204; x_wconf 82' lang='lat' dir='ltr'><strong>lamna</strong></span> 
     </span>
     <span class='ocr_line' id='line_1_18' title="bbox 152 2239 1323 2330; baseline -0.003 -20"><span class='ocrx_word' id='word_1_149' title='bbox 152 2244 255 2330; x_wconf 78' lang='lat' dir='ltr'><strong>papyri</strong></span> <span class='ocrx_word' id='word_1_150' title='bbox 271 2243 376 2309; x_wconf 78' lang='lat' dir='ltr'><strong>hausit</strong></span> <span class='ocrx_word' id='word_1_151' title='bbox 407 2240 645 2323; x_wconf 79' lang='lat' dir='ltr'><strong>lonnogattvam</strong></span> <span class='ocrx_word' id='word_1_152' title='bbox 661 2239 806 2304; x_wconf 83' lang='lat' dir='ltr'><strong>orationis</strong></span> <span class='ocrx_word' id='word_1_153' title='bbox 821 2239 1087 2303; x_wconf 78' lang='lat' dir='ltr'><strong>conformationem</strong></span> <span class='ocrx_word' id='word_1_154' title='bbox 1103 2239 1134 2303; x_wconf 92' lang='lat' dir='ltr'><strong>in</strong></span> <span class='ocrx_word' id='word_1_155' title='bbox 1154 2241 1323 2307; x_wconf 82' lang='lat' dir='ltr'><strong>huiusmodi</strong></span> 
     </span>
     <span class='ocr_line' id='line_1_19' title="bbox 153 2343 1322 2432; baseline -0.003 -18"><span class='ocrx_word' id='word_1_156' title='bbox 153 2347 434 2432; x_wconf 76' lang='lat' dir='ltr'><strong>reprehensionibus</strong></span> <span class='ocrx_word' id='word_1_157' title='bbox 454 2345 638 2429; x_wconf 77' lang='lat' dir='ltr'><strong>aptissimam</strong></span> <span class='ocrx_word' id='word_1_158' title='bbox 658 2364 725 2408; x_wconf 84' lang='lat' dir='ltr'><strong>esse</strong></span> <span class='ocrx_word' id='word_1_159' title='bbox 745 2362 834 2408; x_wconf 91' lang='lat' dir='ltr'><strong>nemo</strong></span> <span class='ocrx_word' id='word_1_160' title='bbox 856 2361 918 2407; x_wconf 92' lang='lat' dir='ltr'><strong>non</strong></span> <span class='ocrx_word' id='word_1_161' title='bbox 938 2343 1042 2420; x_wconf 70' lang='lat' dir='ltr'><strong>semita</strong></span> <span class='ocrx_word' id='word_1_162' title='bbox 1061 2354 1091 2408; x_wconf 85' lang='lat' dir='ltr'><strong>et</strong></span> <span class='ocrx_word' id='word_1_163' title='bbox 1110 2345 1202 2409; x_wconf 90' lang='lat' dir='ltr'><strong>utitur</strong></span> <span class='ocrx_word' id='word_1_164' title='bbox 1221 2347 1322 2411; x_wconf 83' lang='lat' dir='ltr'><strong>eadem</strong></span> 
     </span>
     <span class='ocr_line' id='line_1_20' title="bbox 152 2441 1323 2530; baseline -0.002 -12"><span class='ocrx_word' id='word_1_165' title='bbox 152 2452 344 2518; x_wconf 75' lang='lat' dir='ltr'><strong>Philodemus</strong></span> <span class='ocrx_word' id='word_1_166' title='bbox 359 2451 501 2515; x_wconf 78' lang='lat' dir='ltr'><strong>continuo</strong></span> <span class='ocrx_word' id='word_1_167' title='bbox 517 2447 547 2512; x_wconf 91' lang='lat' dir='ltr'><strong>in</strong></span> <span class='ocrx_word' id='word_1_168' title='bbox 562 2446 716 2530; x_wconf 80' lang='lat' dir='ltr'><strong>proximis,</strong></span> <span class='ocrx_word' id='word_1_169' title='bbox 731 2441 876 2524; x_wconf 77' lang='grc' dir='ltr'><strong><em>καὶπῶς</em></strong></span> <span class='ocrx_word' id='word_1_170' title='bbox 889 2467 918 2530; x_wconf 88' lang='lat' dir='ltr'><strong>p.</strong></span> <span class='ocrx_word' id='word_1_171' title='bbox 931 2449 983 2522; x_wconf 79' lang='lat' dir='ltr'><strong>to,</strong></span> <span class='ocrx_word' id='word_1_172' title='bbox 999 2449 1028 2510; x_wconf 89' lang='lat'><strong>5.</strong></span> <span class='ocrx_word' id='word_1_173' title='bbox 1041 2447 1070 2512; x_wconf 86' lang='grc'><strong>7.</strong></span> <span class='ocrx_word' id='word_1_174' title='bbox 1086 2451 1133 2512; x_wconf 92' lang='lat' dir='ltr'><strong>ll.</strong></span> <span class='ocrx_word' id='word_1_175' title='bbox 1150 2451 1197 2512; x_wconf 87' lang='lat'><strong>15.</strong></span> <span class='ocrx_word' id='word_1_176' title='bbox 1213 2451 1261 2514; x_wconf 86' lang='lat' dir='ltr'><strong>ltt.</strong></span> <span class='ocrx_word' id='word_1_177' title='bbox 1274 2451 1323 2526; x_wconf 78' lang='lat'><strong>20,</strong></span> 
     </span>
     <span class='ocr_line' id='line_1_21' title="bbox 151 2543 1321 2634; baseline 0.002 -18"><span class='ocrx_word' id='word_1_178' title='bbox 151 2549 211 2618; x_wconf 83' lang='grc' dir='ltr'><strong>καὶ</strong></span> <span class='ocrx_word' id='word_1_179' title='bbox 224 2546 261 2618; x_wconf 85' lang='grc' dir='ltr'><strong><em>τί</em></strong></span> <span class='ocrx_word' id='word_1_180' title='bbox 274 2573 299 2616; x_wconf 80' lang='grc' dir='ltr'><strong>ι.</strong></span> <span class='ocrx_word' id='word_1_181' title='bbox 319 2555 366 2628; x_wconf 84' lang='grc'><strong>10,</strong></span> <span class='ocrx_word' id='word_1_182' title='bbox 381 2548 440 2616; x_wconf 82' lang='grc' dir='ltr'><strong>καὶ</strong></span> <span class='ocrx_word' id='word_1_183' title='bbox 455 2545 516 2614; x_wconf 83' lang='lat' dir='ltr'><strong>ded</strong></span> <span class='ocrx_word' id='word_1_184' title='bbox 531 2543 567 2613; x_wconf 82' lang='grc' dir='ltr'><strong>τί</strong></span> <span class='ocrx_word' id='word_1_185' title='bbox 580 2569 606 2613; x_wconf 80' lang='grc' dir='ltr'><strong>ι.</strong></span> <span class='ocrx_word' id='word_1_186' title='bbox 625 2550 674 2629; x_wconf 85' lang='grc'><strong>13,</strong></span> <span class='ocrx_word' id='word_1_187' title='bbox 698 2549 746 2616; x_wconf 86' lang='grc'><strong>18.</strong></span> <span class='ocrx_word' id='word_1_188' title='bbox 763 2551 815 2614; x_wconf 80' lang='lat' dir='ltr'><strong>tt.</strong></span> <span class='ocrx_word' id='word_1_189' title='bbox 847 2550 998 2614; x_wconf 83' lang='lat' dir='ltr'><strong>Praeterea</strong></span> <span class='ocrx_word' id='word_1_190' title='bbox 1013 2569 1049 2615; x_wconf 87' lang='lat' dir='ltr'><strong>ex</strong></span> <span class='ocrx_word' id='word_1_191' title='bbox 1062 2552 1170 2628; x_wconf 73' lang='lat' dir='ltr'><strong>roseo,</strong></span> <span class='ocrx_word' id='word_1_192' title='bbox 1190 2553 1272 2634; x_wconf 85' lang='lat' dir='ltr'><strong>quod</strong></span> <span class='ocrx_word' id='word_1_193' title='bbox 1291 2553 1321 2617; x_wconf 88' lang='lat' dir='ltr'><strong>io</strong></span> 
     </span>
     <span class='ocr_line' id='line_1_22' title="bbox 152 2645 1320 2740; baseline 0.002 -20"><span class='ocrx_word' id='word_1_194' title='bbox 152 2675 266 2740; x_wconf 79' lang='lat' dir='ltr'><strong>papyro</strong></span> <span class='ocrx_word' id='word_1_195' title='bbox 281 2663 446 2738; x_wconf 83' lang='lat' dir='ltr'><strong>comparet,</strong></span> <span class='ocrx_word' id='word_1_196' title='bbox 469 2671 522 2718; x_wconf 86' lang='lat' dir='ltr'><strong>our</strong></span> <span class='ocrx_word' id='word_1_197' title='bbox 535 2645 674 2736; x_wconf 76' lang='grc' dir='ltr'><strong><em>τοῦτόγε</em></strong></span> <span class='ocrx_word' id='word_1_198' title='bbox 688 2654 789 2736; x_wconf 81' lang='lat' dir='ltr'><strong>potius</strong></span> <span class='ocrx_word' id='word_1_199' title='bbox 806 2673 894 2737; x_wconf 88' lang='lat' dir='ltr'><strong>quam</strong></span> <span class='ocrx_word' id='word_1_200' title='bbox 908 2647 1041 2732; x_wconf 75' lang='grc' dir='ltr'><strong><em>τρίτοις</em></strong></span> <span class='ocrx_word' id='word_1_201' title='bbox 1056 2653 1238 2737; x_wconf 83' lang='lat' dir='ltr'><strong>Neapolitani</strong></span> <span class='ocrx_word' id='word_1_202' title='bbox 1258 2657 1320 2721; x_wconf 91' lang='lat' dir='ltr'><strong>edi·</strong></span> 
     </span>
     <span class='ocr_line' id='line_1_23' title="bbox 152 2756 1319 2844; baseline 0 -21"><span class='ocrx_word' id='word_1_203' title='bbox 152 2769 231 2824; x_wconf 85' lang='lat' dir='ltr'><strong>terea</strong></span> <span class='ocrx_word' id='word_1_204' title='bbox 246 2767 277 2822; x_wconf 90' lang='lat' dir='ltr'><strong>et</strong></span> <span class='ocrx_word' id='word_1_205' title='bbox 290 2757 485 2840; x_wconf 78' lang='lat' dir='ltr'><strong>Goettlingiua</strong></span> <span class='ocrx_word' id='word_1_206' title='bbox 501 2760 638 2834; x_wconf 78' lang='lat' dir='ltr'><strong>lacerent,</strong></span> <span class='ocrx_word' id='word_1_207' title='bbox 658 2756 736 2821; x_wconf 83' lang='lat' dir='ltr'><strong>ntdla</strong></span> <span class='ocrx_word' id='word_1_208' title='bbox 750 2777 837 2822; x_wconf 77' lang='lat' dir='ltr'><strong>eausa</strong></span> <span class='ocrx_word' id='word_1_209' title='bbox 852 2769 928 2822; x_wconf 87' lang='lat' dir='ltr'><strong>erat:</strong></span> <span class='ocrx_word' id='word_1_210' title='bbox 949 2757 978 2822; x_wconf 90' lang='lat' dir='ltr'><strong>in</strong></span> <span class='ocrx_word' id='word_1_211' title='bbox 1000 2770 1129 2821; x_wconf 80' lang='lat' dir='ltr'><strong>extrema</strong></span> <span class='ocrx_word' id='word_1_212' title='bbox 1149 2769 1248 2823; x_wconf 87' lang='lat' dir='ltr'><strong>autem</strong></span> <span class='ocrx_word' id='word_1_213' title='bbox 1267 2781 1319 2844; x_wconf 87' lang='lat' dir='ltr'><strong>pe·</strong></span> 
     </span>
     <span class='ocr_line' id='line_1_24' title="bbox 150 2852 1321 2945; baseline 0.002 -20"><span class='ocrx_word' id='word_1_214' title='bbox 150 2861 236 2926; x_wconf 88' lang='lat' dir='ltr'><strong>riodo</strong></span> <span class='ocrx_word' id='word_1_215' title='bbox 261 2879 352 2944; x_wconf 86' lang='lat' dir='ltr'><strong>quom</strong></span> <span class='ocrx_word' id='word_1_216' title='bbox 377 2861 510 2924; x_wconf 86' lang='lat' dir='ltr'><strong>dederint</strong></span> <span class='ocrx_word' id='word_1_217' title='bbox 531 2855 589 2923; x_wconf 83' lang='grc' dir='ltr'><strong>καὶ</strong></span> <span class='ocrx_word' id='word_1_218' title='bbox 612 2857 716 2934; x_wconf 74' lang='lat' dir='ltr'><strong>rodhe</strong></span> <span class='ocrx_word' id='word_1_219' title='bbox 732 2866 797 2939; x_wconf 65' lang='grc' dir='ltr'><strong>μην</strong></span> <span class='ocrx_word' id='word_1_220' title='bbox 823 2852 1057 2944; x_wconf 78' lang='grc' dir='ltr'><strong><em>οἶκοιομοῐοο,</em></strong></span> <span class='ocrx_word' id='word_1_221' title='bbox 1082 2862 1153 2944; x_wconf 84' lang='lat' dir='ltr'><strong>quid</strong></span> <span class='ocrx_word' id='word_1_222' title='bbox 1182 2863 1242 2927; x_wconf 89' lang='lat' dir='ltr'><strong>hoe</strong></span> <span class='ocrx_word' id='word_1_223' title='bbox 1260 2859 1321 2945; x_wconf 79' lang='grc' dir='ltr'><strong>μέν</strong></span> 
     </span>
     <span class='ocr_line' id='line_1_25' title="bbox 152 2963 1321 3047; baseline 0.003 -19"><span class='ocrx_word' id='word_1_224' title='bbox 152 2964 316 3047; x_wconf 76' lang='lat' dir='ltr'><strong>eipuiheare</strong></span> <span class='ocrx_word' id='word_1_225' title='bbox 335 2963 479 3028; x_wconf 82' lang='lat' dir='ltr'><strong>voluerint</strong></span> <span class='ocrx_word' id='word_1_226' title='bbox 498 2982 623 3047; x_wconf 80' lang='lat' dir='ltr'><strong>prorsus</strong></span> <span class='ocrx_word' id='word_1_227' title='bbox 643 2983 705 3028; x_wconf 92' lang='lat' dir='ltr'><strong>noo</strong></span> <span class='ocrx_word' id='word_1_228' title='bbox 721 2965 860 3045; x_wconf 77' lang='lat' dir='ltr'><strong>intelligo.</strong></span> <span class='ocrx_word' id='word_1_229' title='bbox 895 2965 1046 3029; x_wconf 88' lang='lat' dir='ltr'><strong>Sententia</strong></span> <span class='ocrx_word' id='word_1_230' title='bbox 1060 2965 1226 3030; x_wconf 84' lang='lat' dir='ltr'><strong>Philodemi</strong></span> <span class='ocrx_word' id='word_1_231' title='bbox 1250 2970 1321 3032; x_wconf 82' lang='lat' dir='ltr'><strong>satia</strong></span> 
     </span>
     <span class='ocr_line' id='line_1_26' title="bbox 151 3058 1322 3153; baseline 0.003 -20"><span class='ocrx_word' id='word_1_232' title='bbox 151 3069 304 3152; x_wconf 74' lang='lat' dir='ltr'><strong>plantent</strong></span> <span class='ocrx_word' id='word_1_233' title='bbox 326 3066 529 3150; x_wconf 84' lang='lat' dir='ltr'><strong>Reprehendit</strong></span> <span class='ocrx_word' id='word_1_234' title='bbox 538 3067 669 3150; x_wconf 87' lang='lat' dir='ltr'><strong>primum</strong></span> <span class='ocrx_word' id='word_1_235' title='bbox 681 3067 750 3130; x_wconf 87' lang='lat' dir='ltr'><strong>illud</strong></span> <span class='ocrx_word' id='word_1_236' title='bbox 762 3059 984 3133; x_wconf 77' lang='grc' dir='ltr'><strong><em>ὥστε-δέοι</em></strong></span> <span class='ocrx_word' id='word_1_237' title='bbox 996 3058 1037 3132; x_wconf 76' lang='lat' dir='ltr'><strong>th</strong></span> <span class='ocrx_word' id='word_1_238' title='bbox 1047 3061 1218 3153; x_wconf 71' lang='grc' dir='ltr'><strong><em>ὑπάρχειν,</em></strong></span> <span class='ocrx_word' id='word_1_239' title='bbox 1230 3084 1322 3136; x_wconf 87' lang='lat' dir='ltr'><strong>utcu·</strong></span> 
     </span>
     <span class='ocr_line' id='line_1_27' title="bbox 149 3169 1323 3256; baseline 0.005 -22"><span class='ocrx_word' id='word_1_240' title='bbox 149 3172 196 3235; x_wconf 84' lang='lat' dir='ltr'><strong>ina</strong></span> <span class='ocrx_word' id='word_1_241' title='bbox 208 3189 275 3234; x_wconf 84' lang='lat' dir='ltr'><strong>rom</strong></span> <span class='ocrx_word' id='word_1_242' title='bbox 287 3169 490 3253; x_wconf 75' lang='lat' dir='ltr'><strong>superioribus</strong></span> <span class='ocrx_word' id='word_1_243' title='bbox 502 3171 646 3235; x_wconf 77' lang='lat' dir='ltr'><strong>connexio</strong></span> <span class='ocrx_word' id='word_1_244' title='bbox 656 3189 718 3236; x_wconf 91' lang='lat' dir='ltr'><strong>non</strong></span> <span class='ocrx_word' id='word_1_245' title='bbox 729 3182 883 3254; x_wconf 85' lang='lat' dir='ltr'><strong>appareat:</strong></span> <span class='ocrx_word' id='word_1_246' title='bbox 898 3190 994 3253; x_wconf 73' lang='lat' dir='ltr'><strong>neque</strong></span> <span class='ocrx_word' id='word_1_247' title='bbox 1007 3171 1036 3235; x_wconf 92' lang='lat' dir='ltr'><strong>id</strong></span> <span class='ocrx_word' id='word_1_248' title='bbox 1047 3171 1162 3248; x_wconf 86' lang='lat' dir='ltr'><strong>iniuria,</strong></span> <span class='ocrx_word' id='word_1_249' title='bbox 1175 3173 1323 3256; x_wconf 84' lang='lat' dir='ltr'><strong>siquidem</strong></span> 
     </span>
     <span class='ocr_line' id='line_1_28' title="bbox 149 3272 1323 3358; baseline 0.003 -19"><span class='ocrx_word' id='word_1_250' title='bbox 149 3272 247 3358; x_wconf 89' lang='lat' dir='ltr'><strong>paullo</strong></span> <span class='ocrx_word' id='word_1_251' title='bbox 263 3283 387 3357; x_wconf 89' lang='lat' dir='ltr'><strong>propter</strong></span> <span class='ocrx_word' id='word_1_252' title='bbox 401 3273 569 3338; x_wconf 80' lang='lat' dir='ltr'><strong>breuitatem</strong></span> <span class='ocrx_word' id='word_1_253' title='bbox 586 3273 743 3338; x_wconf 73' lang='lat' dir='ltr'><strong>obscurius</strong></span> <span class='ocrx_word' id='word_1_254' title='bbox 758 3273 999 3357; x_wconf 79' lang='lat' dir='ltr'><strong>Theophrastum</strong></span> <span class='ocrx_word' id='word_1_255' title='bbox 1014 3275 1170 3358; x_wconf 91' lang='lat' dir='ltr'><strong>loquutum</strong></span> <span class='ocrx_word' id='word_1_256' title='bbox 1184 3297 1253 3342; x_wconf 80' lang='lat' dir='ltr'><strong>esee</strong></span> <span class='ocrx_word' id='word_1_257' title='bbox 1270 3298 1323 3342; x_wconf 88' lang='lat' dir='ltr'><strong>ne-</strong></span> 
     </span>
     <span class='ocr_line' id='line_1_29' title="bbox 149 3377 1322 3462; baseline 0.003 -20"><span class='ocrx_word' id='word_1_258' title='bbox 149 3377 209 3460; x_wconf 76' lang='lat' dir='ltr'><strong>gari</strong></span> <span class='ocrx_word' id='word_1_259' title='bbox 224 3395 287 3442; x_wconf 93' lang='lat' dir='ltr'><strong>non</strong></span> <span class='ocrx_word' id='word_1_260' title='bbox 298 3387 407 3462; x_wconf 78' lang='lat' dir='ltr'><strong>potest,</strong></span> <span class='ocrx_word' id='word_1_261' title='bbox 422 3377 672 3460; x_wconf 90' lang='lat' dir='ltr'><strong>quemadmodum</strong></span> <span class='ocrx_word' id='word_1_262' title='bbox 685 3377 741 3441; x_wconf 91' lang='lat' dir='ltr'><strong>iam</strong></span> <span class='ocrx_word' id='word_1_263' title='bbox 754 3397 844 3460; x_wconf 80' lang='lat' dir='ltr'><strong>supra</strong></span> <span class='ocrx_word' id='word_1_264' title='bbox 856 3377 995 3442; x_wconf 79' lang='lat' dir='ltr'><strong>diximus.</strong></span> <span class='ocrx_word' id='word_1_265' title='bbox 1022 3377 1134 3442; x_wconf 85' lang='lat' dir='ltr'><strong>Deinde</strong></span> <span class='ocrx_word' id='word_1_266' title='bbox 1143 3398 1237 3461; x_wconf 83' lang='lat' dir='ltr'><strong>quum</strong></span> <span class='ocrx_word' id='word_1_267' title='bbox 1249 3383 1322 3446; x_wconf 83' lang='lat' dir='ltr'><strong>duaa</strong></span> 
     </span>
     <span class='ocr_line' id='line_1_30' title="bbox 148 3467 1321 3566; baseline 0.007 -25"><span class='ocrx_word' id='word_1_268' title='bbox 148 3487 248 3562; x_wconf 76' lang='lat' dir='ltr'><strong>parler</strong></span> <span class='ocrx_word' id='word_1_269' title='bbox 269 3478 377 3542; x_wconf 81' lang='lat' dir='ltr'><strong>domur</strong></span> <span class='ocrx_word' id='word_1_270' title='bbox 393 3479 465 3561; x_wconf 93' lang='lat' dir='ltr'><strong>poni</strong></span> <span class='ocrx_word' id='word_1_271' title='bbox 480 3478 602 3554; x_wconf 83' lang='lat' dir='ltr'><strong>rideret,</strong></span> <span class='ocrx_word' id='word_1_272' title='bbox 626 3469 811 3564; x_wconf 67' lang='grc' dir='ltr'><strong><em>ἂνθρωποι</em></strong></span> <span class='ocrx_word' id='word_1_273' title='bbox 825 3491 855 3543; x_wconf 91' lang='lat' dir='ltr'><strong>et</strong></span> <span class='ocrx_word' id='word_1_274' title='bbox 869 3476 995 3565; x_wconf 80' lang='grc' dir='ltr'><strong><em>κτῆσιν,</em></strong></span> <span class='ocrx_word' id='word_1_275' title='bbox 1020 3467 1206 3566; x_wconf 70' lang='grc' dir='ltr'><strong><em>ἅνθρωποι</em></strong></span> <span class='ocrx_word' id='word_1_276' title='bbox 1224 3495 1321 3548; x_wconf 87' lang='lat' dir='ltr'><strong>autem</strong></span> 
     </span>
     <span class='ocr_line' id='line_1_31' title="bbox 149 3581 1322 3664; baseline 0.005 -19"><span class='ocrx_word' id='word_1_277' title='bbox 149 3581 187 3645; x_wconf 91' lang='lat' dir='ltr'><strong>de</strong></span> <span class='ocrx_word' id='word_1_278' title='bbox 200 3591 284 3664; x_wconf 87' lang='lat' dir='ltr'><strong>patre</strong></span> <span class='ocrx_word' id='word_1_279' title='bbox 298 3581 424 3646; x_wconf 78' lang='lat' dir='ltr'><strong>familiae</strong></span> <span class='ocrx_word' id='word_1_280' title='bbox 439 3581 593 3663; x_wconf 78' lang='lat' dir='ltr'><strong>acciperet,</strong></span> <span class='ocrx_word' id='word_1_281' title='bbox 608 3599 671 3645; x_wconf 91' lang='lat' dir='ltr'><strong>non</strong></span> <span class='ocrx_word' id='word_1_282' title='bbox 685 3593 801 3664; x_wconf 89' lang='lat' dir='ltr'><strong>poterat</strong></span> <span class='ocrx_word' id='word_1_283' title='bbox 815 3601 876 3645; x_wconf 92' lang='lat' dir='ltr'><strong>non</strong></span> <span class='ocrx_word' id='word_1_284' title='bbox 893 3581 922 3644; x_wconf 94' lang='lat' dir='ltr'><strong>in</strong></span> <span class='ocrx_word' id='word_1_285' title='bbox 938 3601 1003 3646; x_wconf 90' lang='lat' dir='ltr'><strong>eam</strong></span> <span class='ocrx_word' id='word_1_286' title='bbox 1019 3585 1199 3648; x_wconf 80' lang='lat' dir='ltr'><strong>rentemiam</strong></span> <span class='ocrx_word' id='word_1_287' title='bbox 1212 3587 1322 3662; x_wconf 75' lang='lat' dir='ltr'><strong>induri,</strong></span> 
     </span>
     <span class='ocr_line' id='line_1_32' title="bbox 149 3675 1321 3770; baseline 0.004 -21"><span class='ocrx_word' id='word_1_288' title='bbox 149 3693 183 3749; x_wconf 95' lang='lat' dir='ltr'><strong>ut</strong></span> <span class='ocrx_word' id='word_1_289' title='bbox 197 3684 340 3768; x_wconf 86' lang='lat' dir='ltr'><strong>qttidquid</strong></span> <span class='ocrx_word' id='word_1_290' title='bbox 355 3692 471 3768; x_wconf 81' lang='lat' dir='ltr'><strong>praeter</strong></span> <span class='ocrx_word' id='word_1_291' title='bbox 485 3693 598 3766; x_wconf 87' lang='lat' dir='ltr'><strong>patrem</strong></span> <span class='ocrx_word' id='word_1_292' title='bbox 614 3684 738 3746; x_wconf 74' lang='lat' dir='ltr'><strong>familiae</strong></span> <span class='ocrx_word' id='word_1_293' title='bbox 754 3683 784 3746; x_wconf 92' lang='lat' dir='ltr'><strong>in</strong></span> <span class='ocrx_word' id='word_1_294' title='bbox 800 3675 891 3748; x_wconf 87' lang='lat' dir='ltr'><strong>domo</strong></span> <span class='ocrx_word' id='word_1_295' title='bbox 906 3694 960 3758; x_wconf 85' lang='lat' dir='ltr'><strong>eat,</strong></span> <span class='ocrx_word' id='word_1_296' title='bbox 980 3679 1126 3770; x_wconf 69' lang='lat' dir='ltr'><strong>renardo</strong></span> <span class='ocrx_word' id='word_1_297' title='bbox 1139 3706 1202 3751; x_wconf 90' lang='lat' dir='ltr'><strong>non</strong></span> <span class='ocrx_word' id='word_1_298' title='bbox 1221 3689 1321 3754; x_wconf 79' lang='lat' dir='ltr'><strong>minus</strong></span> 
     </span>
     <span class='ocr_line' id='line_1_33' title="bbox 147 3778 1322 3874; baseline 0.003 -22"><span class='ocrx_word' id='word_1_299' title='bbox 147 3807 237 3870; x_wconf 84' lang='lat' dir='ltr'><strong>quam</strong></span> <span class='ocrx_word' id='word_1_300' title='bbox 251 3780 389 3874; x_wconf 75' lang='grc' dir='ltr'><strong><em>τροφήν,</em></strong></span> <span class='ocrx_word' id='word_1_301' title='bbox 405 3787 435 3851; x_wconf 92' lang='lat' dir='ltr'><strong>in</strong></span> <span class='ocrx_word' id='word_1_302' title='bbox 450 3778 567 3872; x_wconf 79' lang='grc' dir='ltr'><strong><em>ιιιήοιι</em></strong></span> <span class='ocrx_word' id='word_1_303' title='bbox 581 3785 729 3849; x_wconf 85' lang='lat' dir='ltr'><strong>numerari</strong></span> <span class='ocrx_word' id='word_1_304' title='bbox 744 3795 869 3867; x_wconf 78' lang='lat' dir='ltr'><strong>putaret,</strong></span> <span class='ocrx_word' id='word_1_305' title='bbox 893 3785 921 3848; x_wconf 89' lang='lat' dir='ltr'><strong>id</strong></span> <span class='ocrx_word' id='word_1_306' title='bbox 937 3787 1018 3869; x_wconf 83' lang='lat' dir='ltr'><strong>quod</strong></span> <span class='ocrx_word' id='word_1_307' title='bbox 1033 3787 1140 3851; x_wconf 89' lang='lat' dir='ltr'><strong>merito</strong></span> <span class='ocrx_word' id='word_1_308' title='bbox 1155 3789 1322 3856; x_wconf 77' lang='lat' dir='ltr'><strong>absurdum</strong></span> 
     </span>
     <span class='ocr_line' id='line_1_34' title="bbox 147 3878 1323 3982; baseline -0.002 -29"><span class='ocrx_word' id='word_1_309' title='bbox 147 3908 215 3953; x_wconf 82' lang='lat' dir='ltr'><strong>eree</strong></span> <span class='ocrx_word' id='word_1_310' title='bbox 230 3890 376 3952; x_wconf 79' lang='lat' dir='ltr'><strong>oenoebat</strong></span> <span class='ocrx_word' id='word_1_311' title='bbox 406 3888 501 3970; x_wconf 78' lang='lat' dir='ltr'><strong>Atque</strong></span> <span class='ocrx_word' id='word_1_312' title='bbox 516 3887 574 3952; x_wconf 89' lang='lat' dir='ltr'><strong>hoe</strong></span> <span class='ocrx_word' id='word_1_313' title='bbox 588 3887 727 3970; x_wconf 75' lang='lat' dir='ltr'><strong>estquod</strong></span> <span class='ocrx_word' id='word_1_314' title='bbox 744 3880 821 3961; x_wconf 81' lang='lat' dir='ltr'><strong>dicit</strong></span> <span class='ocrx_word' id='word_1_315' title='bbox 837 3878 868 3952; x_wconf 83' lang='lat' dir='ltr'><strong>ai</strong></span> <span class='ocrx_word' id='word_1_316' title='bbox 881 3881 927 3972; x_wconf 75' lang='grc' dir='ltr'><strong><em>μή</em></strong></span> <span class='ocrx_word' id='word_1_317' title='bbox 944 3883 1071 3974; x_wconf 78' lang='grc' dir='ltr'><strong><em>κτῆσις,</em></strong></span> <span class='ocrx_word' id='word_1_318' title='bbox 1091 3882 1139 3968; x_wconf 72' lang='grc' dir='ltr'><strong>ὥς</strong></span> <span class='ocrx_word' id='word_1_319' title='bbox 1153 3909 1190 3974; x_wconf 75' lang='grc' dir='ltr'><strong>γε</strong></span> <span class='ocrx_word' id='word_1_320' title='bbox 1203 3889 1323 3982; x_wconf 68' lang='grc' dir='ltr'><strong><em>τροφή,</em></strong></span> 
     </span>
     <span class='ocr_line' id='line_1_35' title="bbox 147 3979 1322 4076; baseline 0.007 -22"><span class='ocrx_word' id='word_1_321' title='bbox 147 3983 206 4054; x_wconf 79' lang='grc' dir='ltr'><strong>καὶ</strong></span> <span class='ocrx_word' id='word_1_322' title='bbox 222 3981 363 4076; x_wconf 65' lang='lat' dir='ltr'><strong>reperti:</strong></span> <span class='ocrx_word' id='word_1_323' title='bbox 381 3979 442 4053; x_wconf 76' lang='lat' dir='ltr'><strong>niet·</strong></span> <span class='ocrx_word' id='word_1_324' title='bbox 453 3991 531 4072; x_wconf 79' lang='lat' dir='ltr'><strong>[erte</strong></span> <span class='ocrx_word' id='word_1_325' title='bbox 545 3992 577 4052; x_wconf 86' lang='grc' dir='ltr'><strong>ιἰι</strong></span> <span class='ocrx_word' id='word_1_326' title='bbox 588 3991 780 4073; x_wconf 72' lang='lat' dir='ltr'><strong>penetralem,</strong></span> <span class='ocrx_word' id='word_1_327' title='bbox 799 3993 874 4053; x_wconf 80' lang='lat' dir='ltr'><strong>eleut</strong></span> <span class='ocrx_word' id='word_1_328' title='bbox 887 3993 990 4064; x_wconf 74' lang='lat' dir='ltr'><strong>elotae,</strong></span> <span class='ocrx_word' id='word_1_329' title='bbox 1010 3994 1052 4054; x_wconf 85' lang='lat' dir='ltr'><strong>ito</strong></span> <span class='ocrx_word' id='word_1_330' title='bbox 1065 3995 1154 4056; x_wconf 78' lang='lat' dir='ltr'><strong>etiem</strong></span> <span class='ocrx_word' id='word_1_331' title='bbox 1168 4014 1252 4060; x_wconf 78' lang='grc' dir='ltr'><strong><em>ιιοοι·</em></strong></span> <span class='ocrx_word' id='word_1_332' title='bbox 1264 4009 1322 4062; x_wconf 85' lang='lat' dir='ltr'><strong>eat:</strong></span> 
     </span>
     <span class='ocr_line' id='line_1_36' title="bbox 147 4089 1323 4181; baseline 0.007 -26"><span class='ocrx_word' id='word_1_333' title='bbox 147 4091 227 4176; x_wconf 87' lang='lat' dir='ltr'><strong>quod</strong></span> <span class='ocrx_word' id='word_1_334' title='bbox 236 4089 347 4155; x_wconf 77' lang='lat' dir='ltr'><strong>ironice</strong></span> <span class='ocrx_word' id='word_1_335' title='bbox 355 4090 465 4155; x_wconf 87' lang='lat' dir='ltr'><strong>dietum</strong></span> <span class='ocrx_word' id='word_1_336' title='bbox 481 4099 602 4173; x_wconf 87' lang='lat' dir='ltr'><strong>apparet</strong></span> <span class='ocrx_word' id='word_1_337' title='bbox 615 4108 671 4174; x_wconf 91' lang='lat' dir='ltr'><strong>pro</strong></span> <span class='ocrx_word' id='word_1_338' title='bbox 682 4110 728 4166; x_wconf 85' lang='lat' dir='ltr'><strong>eo,</strong></span> <span class='ocrx_word' id='word_1_339' title='bbox 745 4090 824 4175; x_wconf 85' lang='lat' dir='ltr'><strong>quod</strong></span> <span class='ocrx_word' id='word_1_340' title='bbox 835 4091 956 4174; x_wconf 89' lang='lat' dir='ltr'><strong>proprie</strong></span> <span class='ocrx_word' id='word_1_341' title='bbox 967 4093 1024 4156; x_wconf 89' lang='lat' dir='ltr'><strong>diei</strong></span> <span class='ocrx_word' id='word_1_342' title='bbox 1034 4103 1165 4176; x_wconf 87' lang='lat' dir='ltr'><strong>poterat:</strong></span> <span class='ocrx_word' id='word_1_343' title='bbox 1179 4101 1323 4181; x_wconf 67' lang='lat' dir='ltr'><strong>epotam</strong></span> 
     </span>
     <span class='ocr_line' id='line_1_37' title="bbox 146 4195 1320 4277; baseline 0.009 -20"><span class='ocrx_word' id='word_1_344' title='bbox 146 4196 179 4257; x_wconf 80' lang='lat' dir='ltr'><strong>he</strong></span> <span class='ocrx_word' id='word_1_345' title='bbox 189 4195 369 4277; x_wconf 81' lang='lat' dir='ltr'><strong>peraean&#39;one</strong></span> <span class='ocrx_word' id='word_1_346' title='bbox 383 4211 453 4256; x_wconf 86' lang='grc' dir='ltr'><strong><em>ιοιιι</em></strong></span> <span class='ocrx_word' id='word_1_347' title='bbox 467 4211 549 4258; x_wconf 74' lang='lat' dir='ltr'><strong>uror</strong></span> <span class='ocrx_word' id='word_1_348' title='bbox 562 4211 624 4257; x_wconf 87' lang='grc' dir='ltr'><strong><em>ιιοιι</em></strong></span> <span class='ocrx_word' id='word_1_349' title='bbox 637 4205 680 4258; x_wconf 85' lang='lat' dir='ltr'><strong>eat</strong></span> <span class='ocrx_word' id='word_1_350' title='bbox 692 4195 886 4258; x_wconf 72' lang='lat' dir='ltr'><strong>nomento</strong></span> <span class='ocrx_word' id='word_1_351' title='bbox 916 4195 1005 4262; x_wconf 75' lang='lat' dir='ltr'><strong>addit</strong></span> <span class='ocrx_word' id='word_1_352' title='bbox 1019 4207 1118 4264; x_wconf 87' lang='lat' dir='ltr'><strong>autem</strong></span> <span class='ocrx_word' id='word_1_353' title='bbox 1133 4195 1193 4264; x_wconf 83' lang='lat' dir='ltr'><strong>atei</strong></span> <span class='ocrx_word' id='word_1_354' title='bbox 1212 4198 1320 4268; x_wconf 82' lang='grc' dir='ltr'><strong>τοῖτο</strong></span> 
     </span>
     <span class='ocr_line' id='line_1_38' title="bbox 147 4291 1320 4382; baseline 0.007 -18"><span class='ocrx_word' id='word_1_355' title='bbox 147 4291 443 4379; x_wconf 75' lang='grc' dir='ltr'><strong><em>οοιοιιιοιομοῦοοε</em></strong></span> <span class='ocrx_word' id='word_1_356' title='bbox 461 4315 552 4381; x_wconf 85' lang='grc' dir='ltr'><strong><em>ριιιιιιι</em></strong></span> <span class='ocrx_word' id='word_1_357' title='bbox 562 4301 740 4382; x_wconf 72' lang='lat' dir='ltr'><strong>praesertin</strong></span> <span class='ocrx_word' id='word_1_358' title='bbox 752 4300 833 4363; x_wconf 78' lang='grc' dir='ltr'><strong><em>ιοιίο</em></strong></span> <span class='ocrx_word' id='word_1_359' title='bbox 846 4301 885 4363; x_wconf 82' lang='lat' dir='ltr'><strong>n&#39;t</strong></span> <span class='ocrx_word' id='word_1_360' title='bbox 906 4301 1010 4364; x_wconf 78' lang='lat' dir='ltr'><strong>merite·</strong></span> <span class='ocrx_word' id='word_1_361' title='bbox 1026 4302 1060 4365; x_wconf 82' lang='lat' dir='ltr'><strong>ha</strong></span> <span class='ocrx_word' id='word_1_362' title='bbox 1080 4303 1168 4368; x_wconf 79' lang='lat' dir='ltr'><strong>deero</strong></span> <span class='ocrx_word' id='word_1_363' title='bbox 1189 4307 1320 4372; x_wconf 68' lang='lat' dir='ltr'><strong>mmini-</strong></span> 
     </span>
    </p>
   </div>
   <div class='ocr_carea' id='block_1_3' title="bbox 146 4398 1318 4493">
    <p class='ocr_par' dir='ltr' id='par_1_3' title="bbox 146 4398 1318 4493">
     <span class='ocr_line' id='line_1_39' title="bbox 146 4398 1318 4493; baseline 0.009 -26"><span class='ocrx_word' id='word_1_364' title='bbox 146 4403 286 4467; x_wconf 76' lang='lat' dir='ltr'><strong>ttrende:</strong></span> <span class='ocrx_word' id='word_1_365' title='bbox 303 4419 363 4484; x_wconf 82' lang='lat' dir='ltr'><strong>quo</strong></span> <span class='ocrx_word' id='word_1_366' title='bbox 374 4399 468 4484; x_wconf 67' lang='lat' dir='ltr'><strong>mapa</strong></span> <span class='ocrx_word' id='word_1_367' title='bbox 479 4398 643 4466; x_wconf 84' lang='lat' dir='ltr'><strong>aeilieetrei</strong></span> <span class='ocrx_word' id='word_1_368' title='bbox 654 4401 984 4468; x_wconf 73' lang='lat' dir='ltr'><strong>absurditaamanileata</strong></span> <span class='ocrx_word' id='word_1_369' title='bbox 996 4407 1055 4472; x_wconf 81' lang='lat' dir='ltr'><strong>liat.</strong></span> <span class='ocrx_word' id='word_1_370' title='bbox 1077 4410 1210 4493; x_wconf 78' lang='lat' dir='ltr'><strong>Apparet</strong></span> <span class='ocrx_word' id='word_1_371' title='bbox 1218 4420 1318 4476; x_wconf 84' lang='lat' dir='ltr'><strong>antero</strong></span> 
     </span>
    </p>
   </div>
   <div class='ocr_carea' id='block_1_4' title="bbox 0 0 1550 4964">
    <p class='ocr_par' dir='ltr' id='par_1_4' title="bbox 0 0 1550 4964">
     <span class='ocr_line' id='line_1_40' title="bbox 0 0 1550 4964; baseline 0 3"><span class='ocrx_word' id='word_1_372' title='bbox 0 0 1550 4964; x_wconf 95' lang='lat' dir='ltr'><strong> </strong></span> 
     </span>
    </p>
   </div>
  </div>
 </body>
</html>
