3092 4964
161 582 289 646 additam
304 602 320 645 a
336 581 553 646 correctoribus
569 580 711 645 ourissanr
731 601 817 662 aegre
837 579 1007 644 terentibus.
1051 579 1227 663 Aeschylum
1253 578 1328 643 scri·

161 685 259 770 psisse
278 685 407 750 arbitror
429 677 481 762 τίς
503 674 749 769 ὐ’ὐγααλίσαιτ’
771 675 944 762 ὐκαείύων,
967 684 1090 766 repetita
1120 683 1327 748 coniunctione

162 783 210 868 δέ,
225 791 309 855 cuius
324 788 506 873 repetitionis
522 789 654 872 exempla
669 807 732 853 non
747 787 888 852 absimilia
909 788 965 850 uid.
982 808 1029 872 ap.
1044 789 1215 852 Buttmann.
1231 787 1261 851 in
1275 808 1326 851 er·

162 913 241 958 curs.
261 893 312 957 xlt
332 895 368 957 ad
388 893 539 957 Demostb.
560 893 629 956 llid.
650 899 679 976 p.
706 892 765 955 152
784 901 813 956 et
835 911 881 974 ap.
897 891 1019 956 Ellendt.
1046 893 1076 956 in
1096 893 1164 956 Lex.
1184 891 1279 974 Scplu
1300 912 1329 974 p.

162 998 234 1062 392.
265 997 315 1061 Sic
330 997 448 1060 demum
465 995 540 1061 iusta
555 997 653 1061 existit
667 996 756 1060 buius
770 1015 875 1060 versus
889 1014 957 1058 cum
970 995 1121 1078 stropbiro
1133 995 1329 1078 aequabilitas,

161 1121 249 1185 quam
264 1099 428 1183 neglexisse
444 1099 645 1164 llermannum
661 1100 769 1176 miror,
789 1119 826 1162 ex
846 1097 930 1162 cuius
946 1099 1143 1182 descriptione
1157 1097 1327 1181 stropbieus

161 1224 188 1268 a.
196 1204 259 1268 9¹10
274 1203 438 1285 aspondco
451 1194 576 1285 γείτων,
591 1203 795 1285 antistroplrus
808 1212 906 1267 autem
918 1201 955 1265 ab
966 1213 1125 1284 anapaesto
1138 1196 1246 1266 πάλιν
1257 1192 1330 1286 ripa.

161 1407 227 1475 τῶν
240 1405 416 1498 φθιμένων
436 1399 570 1493 decipe»
591 1406 676 1488 Ζείς
698 1401 768 1474 α’ὐύ
790 1400 909 1476 ὐπαινύ
931 1401 986 1474 ἐπ’
1007 1401 1179 1497 εὐλαβείᾳε
1195 1410 1239 1473 sic
1253 1409 1332 1475 enirn

55 1575 56 1580 ,
163 1524 210 1578 cst
229 1515 261 1578 iu
279 1515 372 1590 Flor„
393 1515 422 1579 in
437 1514 524 1579 Fam.
545 1522 643 1578 autern
664 1502 733 1579 αὖτ’
756 1523 785 1577 ot
806 1503 859 1578 ἐντ’
884 1503 1051 1600 ὐβλαβείᾳ
1073 1533 1119 1598 γε.
1135 1548 1177 1560 -
1197 1514 1332 1578 Fuerunt

163 1619 214 1700 qui
236 1619 308 1683 illud
329 1609 385 1682 ἐπ’
408 1607 566 1706 εὐλαβείᾳ
585 1617 640 1681 sibi
660 1617 819 1699 intelligere
837 1617 1019 1680 riderentur:
1042 1617 1151 1681 seilicet
1179 1650 1223 1665 -
1249 1617 1332 1682 mrdti

165 1722 244 1785 enim
261 1720 446 1785 admirabiles
461 1720 605 1802 sescuplo
620 1719 808 1802 contigerunt
822 1720 1006 1802 interpretes.
1035 1719 1090 1784 alii
1105 1721 1266 1795 utmmris,
1280 1709 1334 1785 ἐπ’

164 1815 321 1910 εὐλαβείᾳ
342 1823 385 1885 rel
408 1812 462 1886 ἐπ’
486 1812 652 1908 ὐβλαβείᾳ
675 1841 721 1904 γε,
744 1841 777 1886 ex
804 1823 1065 1904 interpretamento
1092 1823 1250 1905 irrepsisse
1269 1843 1333 1887 cre·

163 1926 252 2002 dunts
277 1941 455 2007 quamquam
476 1923 560 2005 quale
581 1924 640 1987 lroc
657 1933 687 1986 et
701 1943 828 2005 quorum
855 1924 1011 1988 verborum
1038 1925 1331 2007 interpretamentum

165 2026 252 2090 luerit
269 2025 386 2089 dillieile
406 2025 486 2088 dictu
505 2034 561 2088 est.
591 2025 726 2088 Ceterum
747 2043 785 2088 ne
800 2025 922 2088 omissis
943 2025 1061 2109 quidem
1080 2025 1128 2088 bis
1148 2025 1246 2090 verbis
1260 2045 1331 2090 sana

166 2128 308 2192 sententia
323 2126 430 2202 eradit,
450 2126 563 2190 etiamsi
580 2128 655 2190 sorte
675 2127 742 2208 prais
758 2127 880 2208 insuper
899 2128 1029 2208 corrigat
1042 2118 1121 2191 οὐδὲ
1136 2161 1179 2174 -
1192 2161 1238 2176 ·-
1252 2123 1337 2203 Ζεύς

166 2222 207 2295 dv
229 2218 299 2295 αὖτ’
321 2221 475 2293 ἔπαυσεν.
521 2227 596 2290 Nam
613 2229 689 2290 toret
704 2230 775 2292 laec:
794 2248 908 2310 neque
929 2228 1065 2310 iupiter
1084 2247 1213 2293 rursus
1229 2229 1332 2292 cobi-

166 2333 308 2397 buiaset
322 2349 413 2407 eum,
428 2328 488 2412 qui
504 2329 698 2394 defunctos
712 2329 753 2394 ab
769 2329 899 2394 inieris
915 2341 991 2394 arte
1005 2349 1068 2394 sua
1083 2348 1254 2395 reuocare
1267 2350 1333 2413 po·

143 2471 144 2474 =
167 2437 248 2500 tuit:
270 2436 354 2500 cuius
370 2434 540 2517 apodeseos
555 2433 580 2496 si
596 2433 731 2515 protasia
747 2451 886 2515 quaeras,
905 2433 977 2497 nibil
997 2433 1127 2496 invenias
1147 2432 1204 2496 nui
1220 2434 1293 2498 boc:
1306 2433 1336 2498 si

166 2539 248 2621 quis
264 2539 457 2602 defunctas
472 2536 507 2598 in
523 2535 630 2599 uitam
643 2546 845 2612 reuocaret,
861 2547 910 2599 aut
922 2549 963 2611 ut,
977 2537 1109 2600 liberales
1124 2537 1230 2611 simus,
1246 2537 1278 2601 si
1291 2536 1336 2600 li·

167 2652 263 2707 'ceret
277 2643 469 2705 detunctos
485 2639 520 2702 iu
535 2637 643 2702 vitam
659 2655 836 2702 revocare.
874 2639 941 2701 Non
961 2637 1155 2703 invidebimus
1175 2639 1263 2704 sicui
1279 2639 1338 2704 boc

167 2748 289 2830 placeat.
319 2745 507 2808 llermannus
523 2742 656 2824 quddam,
676 2740 726 2824 qui
742 2741 812 2804 olim
829 2741 956 2805 similem
972 2743 1120 2823 quandam
1136 2742 1337 2807 coniecturam

168 2855 343 2923 tentaverat,
357 2855 462 2929 postea
476 2845 602 2909 rectiore
616 2843 723 2909 iudicio
740 2864 813 2909 usus
828 2863 893 2909 eam
905 2845 1105 2928 spernendam
1113 2865 1180 2910 esse
1190 2844 1338 2923 intellexit,

168 2959 374 3034 expunctaque
388 2949 545 3031 negatione
560 2939 649 3027 οὐδέ,
664 2957 812 3032 expuncto
828 2949 916 3012 etiarn
930 2946 1070 3013 adverbio
1081 2935 1171 3028 αὐεε,
1182 2948 1338 3032 expunctis

169 3052 403 3138 deniquererbis
419 3043 474 3119 ίνύ
489 3043 647 3138 εὐλαβείᾳ
661 3071 687 3116 ν.
709 3041 765 3118 ἐνί
788 3042 955 3138 α’βλαβείᾳ
978 3071 1026 3135 ye,
1050 3052 1171 3136 scripsit
1192 3047 1279 3130 Ζείς
1300 3046 1339 3117 tt

168 3151 226 3222 ’τὸν
252 3149 409 3246 ὀρθοδαῆ
434 3151 502 3220 τῶν
530 3150 707 3244 φθιμένων
733 3145 869 3239 deripere
894 3146 1048 3220 ἔπαυσεν.
1089 3156 1127 3220 Et
1160 3142 1242 3220 αὐτα
1268 3156 1340 3239 quin

168 3271 248 3327 recta
266 3272 446 3346 expunctum
467 3260 507 3325 sit
525 3278 588 3324 non
607 3258 724 3324 dubito:
752 3258 866 3323 ridetur
880 3259 960 3323 eninr
980 3249 1171 3324 αὐτίπαιαε
1193 3279 1230 3324 ex
1256 3251 1340 3327 ‹tnt-

170 3383 280 3430 παυσε
302 3377 403 3429 ortum
428 3383 511 3440 esae;
538 3353 735 3428 adstantem
760 3380 822 3426 nan
843 3363 932 3428 deleri
956 3363 1010 3426 aed
1030 3363 1136 3426 mutari
1158 3362 1260 3428 debuit
1273 3384 1340 3430 mm

170 3459 253 3550 ai'yr:
269 3485 338 3530 narn
353 3458 393 3531 od
404 3475 434 3530 et
448 3459 487 3542 ai,
502 3459 541 3531 δέ
554 3475 584 3528 et
600 3461 637 3549 yd
652 3465 788 3529 facillime
802 3465 879 3529 inter
889 3484 923 3528 se
934 3473 1150 3547 permutantur.
1176 3465 1210 3529 ln
1220 3467 1341 3550 reliquis

171 3585 233 3633 non
248 3568 440 3632 recidendum
456 3565 565 3649 abquid
581 3567 632 3630 sed
647 3565 814 3629 addendum
830 3567 930 3648 potius
946 3575 1023 3630 erat:
1037 3583 1107 3628 nam
1123 3575 1156 3630 ut
1166 3568 1198 3631 iu
1209 3569 1341 3652 atropha,

38 3701 40 3706 ν
171 3669 215 3733 sic
228 3669 315 3734 etiam
330 3669 362 3733 in
376 3669 562 3751 antistropha
574 3667 686 3750 aliquot
695 3667 781 3730 rerba
793 3667 1013 3762 interciderunt.
1036 3667 1200 3750 Scripsisse
1210 3669 1340 3750 beschy-

171 3772 219 3837 lus
233 3772 360 3838 ridetur:

374 3865 444 3956 ei'ya
465 3867 524 3936 τὸν
545 3862 702 3958 ὀρθοδαῆ
722 3871 789 3934 τῶν
810 3871 988 3958 φθιμένων
1003 3862 1139 3954 ἀνάγειν

375 3970 461 4053 Ζεύς
482 3965 661 4040 dedamur
681 3966 795 4053 τέχνας
816 3964 875 4036 οὐκ
897 3963 949 4036 ἐντ’
971 3963 1148 4062 ὐβλαβείᾳ.

173 4079 223 4144 Sic
236 4079 315 4143 eninr
329 4089 361 4143 et
374 4095 517 4144 numeros
532 4078 676 4142 babemus
691 4075 844 4158 stropbico
864 4075 961 4140 versu
982 4085 1175 4164 exaequatos,
1194 4089 1225 4142 et
1243 4088 1341 4160 aptam

82 4250 83 4253 ,
130 4231 135 4242 .
174 4181 386 4248 mammeam
401 4180 626 4244 mnnexlouem.
652 4179 798 4256 „Quies
817 4179 926 4261 inquit,
944 4187 1146 4254 „mortuum
1162 4181 1392 4246 barcinomae

113 4325 118 4336 ·
172 4301 347 4350 revocare
370 4282 405 4346 in
432 4281 539 4345 vitam
566 4279 709 4364 possiti
736 4281 1025 4364 quandoquidem
1043 4300 1137 4358 eum.
1164 4282 1226 4366 qui
1250 4301 1343 4348 nnus

174 4387 262 4452 olim
287 4387 352 4450 bac
377 4394 456 4449 arte
481 4383 655 4466 pollebat,
681 4383 772 4448 utab
799 4383 927 4448 interis
948 4393 1119 4449 mortuos
1138 4387 1342 4456 reduceret·
