3106 4958
184 731 285 782 autern
315 718 353 779 de
380 717 436 778 bac
460 724 577 778 nostrae
603 713 699 777 Iliadis
725 717 942 798 compositione
968 719 1174 783 lncbmannus
1199 741 1255 804 pro
1281 734 1361 786 moto

185 821 284 890 babm,
301 837 370 880 eam
386 834 449 880 non
463 837 530 881 esse
543 817 687 882 Pisistrati
703 818 886 901 temporibus
907 821 1120 904 antiquiorem,
1140 825 1223 888 cuius
1243 825 1360 907 quidem

184 923 381 1005 praecipuam
401 921 547 1004 quantiam
568 939 688 1002 operam
708 921 765 984 bac
784 921 815 984 in
830 941 861 985 re
877 922 968 986 luisse
983 923 1054 987 satis
1075 927 1152 989 inter
1167 945 1272 990 ornnes
1287 947 1361 992 con-

116 1089 119 1095 ,
182 1037 256 1090 stat:
273 1044 373 1108 ncqrm
388 1035 486 1089 umen
502 1035 655 1108 propterea
670 1034 757 1106 negat
771 1025 861 1088 ullurn
876 1025 963 1090 ctiam
978 1035 1044 1090 ante
1060 1027 1248 1094 Pisistratum
1264 1031 1360 1096 iliadis

184 1149 304 1214 corpus
322 1129 424 1194 luisse.
469 1129 552 1194 serto
567 1127 743 1213 principales
759 1129 901 1210 quasdam
917 1139 1016 1212 partes
1031 1131 1068 1195 ad
1085 1131 1227 1196 unitatem
1240 1135 1360 1200 maioris

185 1235 332 1319 corporis
354 1233 492 1318 primitus
512 1234 600 1298 lactas
619 1253 687 1297 esse
700 1232 847 1313 agnoscit,
874 1233 903 1296 b.
919 1252 960 1306 a,
987 1233 1012 1298 si
1028 1245 1107 1299 recte
1120 1236 1175 1300 riri
1195 1237 1361 1303 acutissimi

183 1339 369 1404 sententiam
390 1339 581 1422 interpratur,
607 1337 699 1402 luisse
725 1347 809 1420 prutat
827 1338 975 1419 quandam
998 1338 1130 1416 lliudom,
1157 1339 1218 1404 sico
1243 1361 1360 1408 cannen

185 1445 290 1530 qaaullo
307 1445 418 1518 maius,
434 1443 485 1506 aed
500 1443 537 1506 ab
551 1444 607 1507 bac
625 1453 727 1506 nostra
748 1441 834 1504 lliado
854 1441 977 1507 multum
993 1443 1157 1520 diuersam,
1172 1447 1363 1530 partibusque

187 1546 343 1632 plurimis,
363 1566 438 1629 quac
453 1565 532 1610 nuno
552 1547 666 1623 insunt,
685 1555 840 1610 carentem.
886 1545 996 1610 llarum
1016 1547 1095 1610 onim
1115 1549 1270 1631 plerasque
1284 1551 1361 1615 Pisi·

186 1653 274 1717 strati
290 1653 411 1715 demum
431 1669 519 1734 opera
539 1649 675 1725 additas,
689 1650 872 1732 omninoque
890 1650 960 1726 boo,
986 1650 1066 1733 quod
1081 1651 1239 1728 lralromus,
1265 1653 1361 1719 iliadis

187 1776 304 1840 corpus
317 1775 373 1839 pro
388 1775 434 1828 oo,
450 1753 529 1836 quud
542 1755 613 1818 olim
627 1755 719 1831 luerit,
734 1753 944 1837 conspositum.
970 1754 1136 1819 Nitascbius
1152 1765 1253 1821 contra
1269 1777 1360 1840 quum

187 1863 269 1924 lranc
282 1870 417 1922 nostram
432 1857 548 1921 iliadem
563 1858 651 1940 longe
666 1858 791 1922 maxima
806 1859 852 1922 sui
868 1869 949 1941 parto
965 1859 1078 1924 dudum
1092 1871 1159 1924 ante
1175 1861 1360 1926 Pisistratum

188 1964 281 2028 unius
297 1961 416 2025 llomcri
437 1961 555 2041 ingenio
576 1971 663 2044 atquo
682 1971 745 2025 arto
760 1963 955 2045 compositam
973 1974 1106 2038 oenseat,
1121 1965 1189 2027 huic
1203 1983 1219 2027 a
1234 1965 1360 2047 rhapso-

190 2067 240 2131 dis
255 2066 452 2129 additamenta
468 2065 587 2146 quidem
604 2065 714 2148 passim
731 2064 839 2128 inserta
853 2085 920 2128 csse
935 2067 1056 2140 latetur,
1071 2084 1166 2147 nequo
1180 2075 1278 2130 tamma
1295 2067 1360 2130 talia

190 2179 318 2232 nuttam
334 2167 439 2242 multa,
459 2175 493 2230 ut
506 2186 574 2230 rera
593 2176 679 2250 atque
698 2168 823 2248 genuina
839 2167 979 2230 carminis
999 2170 1094 2231 lurma
1110 2185 1236 2249 prorsus
1251 2169 1360 2233 immu-

190 2281 304 2336 taretur
323 2282 374 2334 aut
387 2270 605 2334 obscuraretur.
650 2270 774 2332 Tantam
796 2270 896 2353 potius
914 2289 980 2332 esse
1000 2270 1071 2333 artis
1087 2269 1259 2334 llomericae
1274 2290 1361 2353 prac-

190 2375 330 2438 stantiam
359 2391 394 2436 ac
419 2375 643 2456 proprietatem,
671 2381 716 2448 ut,
742 2376 791 2454 qui
818 2374 894 2435 banc
915 2383 993 2435 recto
1018 2373 1208 2454 perspexerit,
1234 2373 1361 2437 adbibita

191 2474 366 2558 praesertim
386 2475 472 2538 otiam
499 2473 633 2557 populari
653 2474 698 2538 illa
724 2475 851 2547 ratione,
879 2473 960 2538 laoile
980 2475 1104 2556 genrrina
1129 2475 1166 2536 ab
1191 2475 1360 2538 adulterinis

193 2580 362 2642 discerncre
381 2577 487 2660 possit.
535 2579 621 2641 lledit
639 2577 728 2658 igitur
750 2597 797 2640 res
816 2578 915 2640 omnis
941 2597 978 2640 oo
998 2577 1138 2650 maxime,
1163 2585 1197 2639 ut
1222 2577 1292 2658 quid
1312 2585 1360 2642 ars

193 2681 314 2746 ilumeri
330 2681 463 2762 ratioque
478 2679 630 2763 popularis
645 2690 749 2763 poscat
763 2689 815 2744 aut
829 2681 916 2754 locat,
932 2679 1115 2761 intedigatur,
1130 2687 1217 2760 atque
1232 2679 1276 2742 sio
1290 2680 1358 2761 quid

193 2785 262 2848 huic
275 2793 378 2866 aptum
390 2792 478 2866 atque
490 2781 676 2858 conueniens,
691 2783 760 2864 quid
776 2783 907 2865 inoptam
923 2793 953 2847 et
963 2781 1175 2846 inconveniens
1190 2781 1237 2858 sil,
1251 2781 1360 2845 diiudi-

194 2900 283 2951 cetur.
329 2887 386 2948 Sed
408 2887 507 2970 ipsum
527 2887 587 2950 boo
602 2895 703 2968 aptum
719 2895 749 2949 et
764 2887 942 2949 conveniens
957 2905 1019 2949 non
1039 2904 1100 2948 uno
1116 2885 1206 2948 modo
1222 2885 1360 2948 aestima·
1421 2923 1424 2932 .

195 3000 253 3062 tur,
279 3000 309 3052 ct
324 2989 410 3051 babet
429 2989 574 3070 quosdam
596 2989 677 3070 quasi
697 2989 819 3070 merlus,
845 3000 878 3051 ut
897 3009 932 3050 ox
951 2987 1085 3071 pluribus
1106 2987 1209 3062 rebus,
1235 3005 1361 3069 quanam

196 3091 304 3154 ιιιιΙΙιιιι
323 3102 422 3172 aptam
442 3100 471 3153 et
490 3091 712 3154 conuenientem
733 3109 799 3152 asse
823 3091 988 3170 negaveris,
1013 3089 1073 3152 sint
1092 3100 1187 3153 tamen
1208 3089 1279 3152 aliae
1299 3089 1360 3152 aliis

197 3195 262 3274 plus
278 3191 442 3255 autminus
457 3202 542 3274 aptae
552 3201 581 3254 et
595 3192 810 3257 convenientos.
856 3195 933 3255 Sunt
947 3191 1053 3274 quibus
1068 3192 1159 3255 careri
1174 3193 1254 3256 nullu
1270 3193 1360 3255 modo

197 3295 306 3376 possit,
332 3311 406 3376 quac
425 3310 486 3357 nun
508 3295 604 3356 sulum
625 3305 691 3376 apta
711 3303 739 3357 et
759 3293 972 3370 convenientia,
997 3295 1049 3357 sed
1075 3295 1238 3358 comessoris
1260 3295 1360 3377 potius

198 3395 319 3459 dicenda
339 3405 418 3459 sunt
462 3395 525 3458 blla
551 3395 649 3457 minus
669 3395 786 3478 quidem
808 3395 986 3470 necessaria,
1013 3395 1065 3458 scd
1087 3395 1167 3458 utilia
1187 3405 1285 3458 umen
1310 3406 1362 3460 aut

197 3499 232 3562 ad
253 3499 419 3563 ornandum
439 3497 701 3580 ibustrandumque
720 3517 839 3563 carmen
860 3499 1008 3580 apposita,
1027 3498 1276 3580 quomadmodum
1292 3518 1359 3561 cor-

198 3601 320 3685 poribus
339 3601 449 3666 nostris
470 3610 576 3666 natura
595 3611 711 3684 praeter
731 3611 827 3684 partes
843 3601 1035 3674 necessarias,
1056 3611 1086 3664 et
1100 3601 1163 3663 sine
1182 3599 1289 3682 quibus
1305 3601 1360 3665 rita

192 3717 297 3769 nostra
317 3716 453 3770 constare
473 3723 534 3768 non
555 3705 664 3788 possit,
678 3705 748 3769 alias
763 3705 874 3769 addidit
893 3706 993 3769 autad
1009 3705 1134 3786 aliquem
1150 3702 1283 3784 quamvis
1299 3720 1360 3766 non

198 3809 395 3872 necessarium
410 3825 509 3882 usum,
523 3808 674 3872 autetiam
691 3808 727 3870 ad
743 3808 832 3872 decus
845 3809 957 3872 turmae
972 3819 1000 3872 et
1014 3805 1261 3891 pulchritudinem
1276 3823 1361 3866 com·

198 3921 321 3991 paratas.
366 3910 427 3974 dlia
443 3909 570 3992 deniquo
584 3927 645 3974 non
660 3910 779 3992 quidem
795 3910 908 3993 inoqata,
928 3911 980 3973 sod
995 3908 1141 3974 eiusmodi
1158 3917 1257 3970 tamen
1280 3914 1361 3981 sunt,

198 4023 230 4075 nt
248 4029 343 4094 neque
362 4012 399 4076 nd
421 4031 507 4076 usum
524 4013 669 4095 nequead
685 4022 822 4076 ornatum
838 4012 997 4094 quidquam
1013 4013 1177 4082 conterant,
1197 4007 1249 4071 sed
1264 4009 1362 4071 abun·

201 4113 308 4188 dantia,
334 4133 408 4195 quac
430 4114 456 4176 si
477 4115 575 4179 adsint
590 4116 672 4179 lacilo
692 4117 782 4188 leros,
806 4114 852 4176 sin
875 4113 986 4188 absint,
1013 4130 1074 4177 non
1094 4109 1253 4174 desideres.
1297 4109 1363 4174 lloe

199 4234 292 4297 genus
311 4233 374 4278 non
393 4233 484 4296 pausa
502 4215 533 4281 in
553 4218 717 4282 lliadeesse
733 4234 822 4280 nemo
842 4215 970 4298 negabit,
990 4234 1066 4297 quas
1084 4224 1184 4277 umen
1203 4221 1303 4276 utrum
1322 4213 1360 4276 ab

199 4317 328 4381 llomero
344 4325 381 4378 au
401 4334 418 4379 a
438 4317 593 4399 rhapsodis
614 4319 746 4401 pmlocta
766 4317 826 4381 siut
848 4315 893 4379 rix
913 4326 994 4380 certo
1015 4316 1101 4381 statui
1121 4314 1239 4398 poterit
1284 4315 1362 4378 Sunt

198 4430 294 4483 autem
320 4421 410 4481 etiam
434 4418 576 4500 quaedam
602 4421 686 4505 quasi
717 4418 804 4484 medii
825 4417 956 4501 generis,
982 4418 1117 4503 coaptis
1143 4431 1229 4505 atqcu
1252 4419 1360 4502 ineptis
1414 4483 1415 4486 ,

197 4520 300 4598 mista,
320 4539 397 4604 quae
415 4519 441 4584 si
461 4521 527 4604 quis
546 4523 640 4588 obiter
657 4541 714 4588 osc
732 4522 822 4586 nimis
841 4521 993 4604 dibqsnter
1013 4521 1162 4606 inspiciat,
1180 4523 1308 4606 aliquam
1324 4521 1361 4588 sb
